TimeStamp,Type,Mapping,Action,Side,Price,Size,Depth,OrderId,Condition,Reset,FieldName,FiedType,FieldValue,MessageNumber
2021-11-01T14:00:00.0585000Z,MBO,1,Clear,Ask,,,,1635775199472626565,,,,,,2
2021-11-01T14:00:00.1884000Z,MBO,1,Set,Bid,59.6,141,,1635775200172938624,0,,,,,3
2021-11-01T14:00:00.1884000Z,MBO,1,Clear,Bid,,,,1635775195317745713,,,,,,4
2021-11-01T14:00:00.1884000Z,MBO,1,Set,Bid,59.6,141,,1635775200172938624,0,,,,,5
2021-11-01T14:00:00.1884000Z,MBO,1,Clear,Bid,,,,1635775200172938624,,,,,,6
2021-11-01T14:00:00.1884000Z,MBO,1,Set,Bid,59.59,41,,1635775187733913007,0,,,,,7
2021-11-01T14:00:00.1884000Z,MBO,1,Clear,Bid,,,,1635775195381025663,,,,,,8
2021-11-01T14:00:00.1884000Z,MBO,1,Set,Bid,59.59,35,,1635775200173130095,0,,,,,9
2021-11-01T14:00:00.1884000Z,MBO,1,Clear,Bid,,,,1635775196405378255,,,,,,10
2021-11-01T14:00:00.1884000Z,MBO,1,Clear,Bid,,,,1635775196542736929,,,,,,11
2021-11-01T14:00:00.1884000Z,MBO,1,Clear,Bid,,,,1635775196399682212,,,,,,12
2021-11-01T14:00:00.1884000Z,MBO,1,Set,Bid,59.6,24,,1635775200173562347,0,,,,,13
2021-11-01T14:00:00.1884000Z,MBO,1,Clear,Bid,,,,1635775200173562347,,,,,,14
2021-11-01T14:00:00.1884000Z,MBO,1,Set,Bid,59.59,41,,1635775187733913007,0,,,,,15
2021-11-01T14:00:00.1884000Z,MBO,1,Clear,Bid,,,,1635775200173130095,,,,,,16
2021-11-01T14:00:00.1884000Z,MBO,1,Set,Ask,59.61,35,,1635775200173632460,0,,,,,17
2021-11-01T14:00:00.1884000Z,MBO,1,Set,Ask,59.61,51,,1635775200173831392,0,,,,,18
2021-11-01T14:00:00.1884000Z,MBO,1,Clear,Ask,,,,1635775196702206163,,,,,,19
2021-11-01T14:00:00.1884000Z,MBO,1,Clear,Ask,,,,1635775200173632460,,,,,,20
2021-11-01T14:00:00.1884000Z,MBO,1,Clear,Ask,,,,1635775200173831392,,,,,,21
2021-11-01T14:00:00.1884000Z,FLD,0,Set,,,,,,,,TradePrice,double,59.6,22
2021-11-01T14:00:00.1884000Z,FLD,0,Set,,,,,,,,TradeSize,long,6,22
2021-11-01T14:00:00.1884000Z,FLD,0,Set,,,,,,,,TradingCondition,string,0,22
2021-11-01T14:00:00.1884000Z,FLD,0,Set,,,,,,,,TradeId,string,140000172995322596,22
2021-11-01T14:00:00.1884000Z,FLD,0,Set,,,,,,,,TradePrice,double,59.6,23
2021-11-01T14:00:00.1884000Z,FLD,0,Set,,,,,,,,TradeSize,long,141,23
2021-11-01T14:00:00.1884000Z,FLD,0,Set,,,,,,,,TradingCondition,string,0,23
2021-11-01T14:00:00.1884000Z,FLD,0,Set,,,,,,,,TradeId,string,140000172995322596,23
2021-11-01T14:00:00.1884000Z,FLD,0,Set,,,,,,,,TradePrice,double,59.6,24
2021-11-01T14:00:00.1884000Z,FLD,0,Set,,,,,,,,TradeSize,long,24,24
2021-11-01T14:00:00.1884000Z,FLD,0,Set,,,,,,,,TradingCondition,string,0,24
2021-11-01T14:00:00.1884000Z,FLD,0,Set,,,,,,,,TradeId,string,140000173605536596,24
2021-11-01T14:00:00.2014000Z,MBO,1,Set,Bid,59.57,135,,1635775200191896386,0,,,,,25
2021-11-01T14:00:00.2278000Z,MBO,1,Set,Bid,59.57,145,,1635775200217617534,0,,,,,26
2021-11-01T14:00:00.2391000Z,MBO,1,Set,Ask,59.61,50,,1635775200223990775,0,,,,,27
2021-11-01T14:00:00.2485000Z,MBO,1,Clear,Ask,,,,1635775200223990775,,,,,,28
2021-11-01T14:00:00.2485000Z,MBO,1,Set,Bid,59.6,62,,1635775200235943719,0,,,,,29
2021-11-01T14:00:00.2485000Z,MBO,1,Clear,Bid,,,,1635775200235943719,,,,,,30
2021-11-01T14:00:00.2485000Z,MBO,1,Set,Bid,59.59,41,,1635775187733913007,0,,,,,31
2021-11-01T14:00:00.2913000Z,FLD,0,Set,,,,,,,,TradePrice,double,59.6,32
2021-11-01T14:00:00.2913000Z,FLD,0,Set,,,,,,,,TradeSize,long,62,32
2021-11-01T14:00:00.2913000Z,FLD,0,Set,,,,,,,,TradingCondition,string,0,32
2021-11-01T14:00:00.2913000Z,FLD,0,Set,,,,,,,,TradeId,string,140000235988479596,32
2021-11-01T14:00:00.2915000Z,MBO,1,Set,Bid,59.57,248,,1635775200257113115,0,,,,,33
2021-11-01T14:00:00.4546000Z,MBO,1,Set,Bid,59.59,98,,1635775200422408243,0,,,,,34
2021-11-01T14:00:00.4546000Z,MBO,1,Set,Bid,59.59,35,,1635775200422459143,0,,,,,35
2021-11-01T14:00:00.4546000Z,MBO,1,Set,Bid,59.59,51,,1635775200422633954,0,,,,,36
2021-11-01T14:00:00.4677000Z,MBO,1,Clear,Bid,,,,1635775200422633954,,,,,,37
2021-11-01T14:00:00.4812000Z,MBO,1,Set,Bid,59.59,51,,1635775200473136235,0,,,,,38
2021-11-01T14:00:00.6482000Z,MBO,1,Clear,Bid,,,,1635775200473136235,,,,,,39
2021-11-01T14:00:00.6482000Z,MBO,1,Set,Bid,59.59,51,,1635775200638204354,0,,,,,40
2021-11-01T14:00:00.7575000Z,MBO,1,Clear,Ask,,,,1635775165575277892,,,,,,41
2021-11-01T14:00:00.7575000Z,MBO,1,Clear,Ask,,,,1635775187707953117,,,,,,42
2021-11-01T14:00:00.7575000Z,MBO,1,Set,Ask,59.61,51,,1635775200736617355,0,,,,,43
2021-11-01T14:00:00.7711000Z,MBO,1,Set,Ask,59.81,400,,1635775200761942770,0,,,,,44
2021-11-01T14:00:00.9438000Z,MBO,1,Clear,Ask,,,,1635775200736617355,,,,,,45
2021-11-01T14:00:00.9801000Z,MBO,1,Set,Ask,59.61,50,,1635775200960716352,0,,,,,46
2021-11-01T14:00:02.5016000Z,MBO,1,Clear,Ask,,,,1635775200960716352,,,,,,47
2021-11-01T14:00:02.5016000Z,MBO,1,Clear,Ask,,,,1635775187707946176,,,,,,48
2021-11-01T14:00:02.5016000Z,MBO,1,Set,Bid,59.59,49,,1635775202490799169,0,,,,,49
2021-11-01T14:00:02.5016000Z,MBO,1,Clear,Bid,,,,1635775114687437398,,,,,,50
2021-11-01T14:00:02.5016000Z,MBO,1,Set,Bid,59.59,19,,1635775202490866611,0,,,,,51
2021-11-01T14:00:02.5016000Z,MBO,1,Clear,Bid,,,,1635775202490799169,,,,,,52
2021-11-01T14:00:02.5876000Z,MBO,1,Set,Bid,59.59,49,,1635775202571141224,0,,,,,53
2021-11-01T14:00:02.5876000Z,MBO,1,Clear,Bid,,,,1635775202571141224,,,,,,54
2021-11-01T14:00:02.7756000Z,MBO,1,Set,Bid,59.59,49,,1635775202747687332,0,,,,,55
2021-11-01T14:00:02.7756000Z,MBO,1,Clear,Bid,,,,1635775202747687332,,,,,,56
2021-11-01T14:00:02.9956000Z,MBO,1,Set,Ask,59.61,98,,1635775202951088958,0,,,,,57
2021-11-01T14:00:03.0718000Z,MBO,1,Set,Ask,59.61,49,,1635775203059144290,0,,,,,58
2021-11-01T14:00:03.0718000Z,MBO,1,Clear,Bid,,,,1635775202490866611,,,,,,59
2021-11-01T14:00:03.0718000Z,MBO,1,Set,Bid,58.39,19,,1635775203059226461,0,,,,,60
2021-11-01T14:00:03.0718000Z,MBO,1,Clear,Ask,,,,1635775203059144290,,,,,,61
2021-11-01T14:00:03.1506000Z,MBO,1,Set,Ask,59.61,49,,1635775203113423938,0,,,,,62
2021-11-01T14:00:03.4221000Z,MBO,1,Clear,Ask,,,,1635775203113423938,,,,,,63
2021-11-01T14:00:03.4622000Z,MBO,1,Set,Ask,59.61,49,,1635775203424889218,0,,,,,64
2021-11-01T14:00:03.6308000Z,MBO,1,Clear,Ask,,,,1635775203424889218,,,,,,65
2021-11-01T14:00:03.6308000Z,MBO,1,Set,Ask,59.61,49,,1635775203589137744,0,,,,,66
2021-11-01T14:00:03.6308000Z,MBO,1,Clear,Ask,,,,1635775203589137744,,,,,,67
2021-11-01T14:00:03.6840000Z,MBO,1,Set,Bid,59.59,49,,1635775203673112523,0,,,,,68
2021-11-01T14:00:03.6840000Z,MBO,1,Clear,Ask,,,,1635775202951088958,,,,,,69
2021-11-01T14:00:03.6840000Z,MBO,1,Clear,Bid,,,,1635775131795062763,,,,,,70
2021-11-01T14:00:03.6840000Z,MBO,1,Set,Bid,59.59,18,,1635775203673472931,0,,,,,71
2021-11-01T14:00:04.5887000Z,MBO,1,Set,Ask,59.61,98,,1635775204548492416,0,,,,,72
2021-11-01T14:00:04.6454000Z,MBO,1,Clear,Ask,,,,1635775204548492416,,,,,,73
2021-11-01T14:00:05.3087000Z,MBO,1,Set,Bid,59.59,21,,1635775205261589249,0,,,,,74
2021-11-01T14:00:05.3087000Z,MBO,1,Set,Bid,59.58,25,,1635775205262544387,0,,,,,75
2021-11-01T14:00:05.6151000Z,MBO,1,Set,Bid,59.52,1197,,1635775205601934793,0,,,,,76
2021-11-01T14:00:05.6151000Z,MBO,1,Set,Bid,59.6,125,,1635775205601980611,0,,,,,77
2021-11-01T14:00:05.6151000Z,MBO,1,Set,Bid,59.6,98,,1635775205602053055,0,,,,,78
2021-11-01T14:00:05.6151000Z,MBO,1,Set,Bid,59.6,48,,1635775205602062755,0,,,,,79
2021-11-01T14:00:05.6151000Z,MBO,1,Set,Bid,59.6,48,,1635775205602068709,0,,,,,80
2021-11-01T14:00:05.6151000Z,MBO,1,Clear,Bid,,,,1635775200638204354,,,,,,81
2021-11-01T14:00:05.6151000Z,MBO,1,Clear,Bid,,,,1635775205601980611,,,,,,82
2021-11-01T14:00:05.6151000Z,MBO,1,Set,Bid,59.6,98,,1635775205602053055,0,,,,,83
2021-11-01T14:00:05.6151000Z,MBO,1,Clear,Bid,,,,1635775183275277097,,,,,,84
2021-11-01T14:00:05.6151000Z,MBO,1,Set,Bid,59.6,34,,1635775205604784963,0,,,,,85
2021-11-01T14:00:05.6151000Z,MBO,1,Clear,Bid,,,,1635775194980117683,,,,,,86
2021-11-01T14:00:05.6381000Z,MBO,1,Clear,Bid,,,,1635775187733913007,,,,,,87
2021-11-01T14:00:05.6381000Z,MBO,1,Set,Bid,59.6,35,,1635775205630000091,0,,,,,88
2021-11-01T14:00:05.6381000Z,MBO,1,Clear,Bid,,,,1635775205602062755,,,,,,89
2021-11-01T14:00:05.6921000Z,MBO,1,Set,Bid,59.55,101,,1635775205671140702,0,,,,,90
2021-11-01T14:00:05.7282000Z,MBO,1,Set,Bid,59.6,48,,1635775205694622061,0,,,,,91
2021-11-01T14:00:05.7345000Z,MBO,1,Set,Bid,59.5,400,,1635775205715274416,0,,,,,92
2021-11-01T14:00:05.9498000Z,MBO,1,Clear,Bid,,,,1635775205694622061,,,,,,93
2021-11-01T14:00:05.9498000Z,MBO,1,Set,Bid,59.6,47,,1635775205944714791,0,,,,,94
2021-11-01T14:00:06.0815000Z,MBO,1,Clear,Bid,,,,1635775205944714791,,,,,,95
2021-11-01T14:00:06.0815000Z,MBO,1,Clear,Bid,,,,1635775205602068709,,,,,,96
2021-11-01T14:00:06.0815000Z,MBO,1,Set,Bid,59.6,47,,1635775206067397758,0,,,,,97
2021-11-01T14:00:06.0815000Z,MBO,1,Clear,Bid,,,,1635775206067397758,,,,,,98
2021-11-01T14:00:06.1308000Z,MBO,1,Set,Bid,59.6,47,,1635775206117492405,0,,,,,99
2021-11-01T14:00:06.1844000Z,MBO,1,Set,Bid,59.6,46,,1635775206170080097,0,,,,,100
2021-11-01T14:00:06.1980000Z,MBO,1,Clear,Bid,,,,1635775206170080097,,,,,,101
2021-11-01T14:00:06.3242000Z,MBO,1,Clear,Bid,,,,1635775206117492405,,,,,,102
2021-11-01T14:00:06.3242000Z,MBO,1,Clear,Bid,,,,1635775205602053055,,,,,,103
2021-11-01T14:00:06.3242000Z,MBO,1,Set,Bid,59.6,34,,1635775205604784963,0,,,,,104
2021-11-01T14:00:06.3242000Z,MBO,1,Set,Ask,59.61,98,,1635775206284257068,0,,,,,105
2021-11-01T14:00:06.3242000Z,MBO,1,Set,Bid,59.6,46,,1635775206293608672,0,,,,,106
2021-11-01T14:00:06.3242000Z,MBO,1,Clear,Ask,,,,1635775206284257068,,,,,,107
2021-11-01T14:00:06.3242000Z,MBO,1,Clear,Bid,,,,1635775206293608672,,,,,,108
2021-11-01T14:00:06.3627000Z,MBO,1,Set,Bid,59.6,46,,1635775206324620743,0,,,,,109
2021-11-01T14:00:06.3684000Z,MBO,1,Set,Bid,59.6,98,,1635775206351032005,0,,,,,110
2021-11-01T14:00:06.4728000Z,MBO,1,Clear,Bid,,,,1635775206324620743,,,,,,111
2021-11-01T14:00:06.4728000Z,MBO,1,Set,Ask,59.61,98,,1635775206464682276,0,,,,,112
2021-11-01T14:00:06.4728000Z,MBO,1,Clear,Bid,,,,1635775206351032005,,,,,,113
2021-11-01T14:00:06.4728000Z,MBO,1,Clear,Bid,,,,1635775203673112523,,,,,,114
2021-11-01T14:00:06.6181000Z,MBO,1,Clear,Bid,,,,1635775205604784963,,,,,,115
2021-11-01T14:00:06.6181000Z,MBO,1,Set,Bid,59.6,35,,1635775205630000091,0,,,,,116
2021-11-01T14:00:06.6181000Z,MBO,1,Clear,Bid,,,,1635775205630000091,,,,,,117
2021-11-01T14:00:06.6181000Z,MBO,1,Set,Bid,59.59,141,,1635775190050871230,0,,,,,118
2021-11-01T14:00:06.6181000Z,MBO,1,Clear,Bid,,,,1635775205671140702,,,,,,119
2021-11-01T14:00:06.6181000Z,MBO,1,Set,Bid,59.59,43,,1635775206605886397,0,,,,,120
2021-11-01T14:00:06.6181000Z,MBO,1,Clear,Bid,,,,1635775203673472931,,,,,,121
2021-11-01T14:00:06.6181000Z,MBO,1,Set,Bid,58.38,18,,1635775206605926823,0,,,,,122
2021-11-01T14:00:06.6181000Z,MBO,1,Clear,Bid,,,,1635775200422459143,,,,,,123
2021-11-01T14:00:06.6196000Z,FLD,0,Set,,,,,,,,TradePrice,double,59.6,124
2021-11-01T14:00:06.6196000Z,FLD,0,Set,,,,,,,,TradeSize,long,34,124
2021-11-01T14:00:06.6196000Z,FLD,0,Set,,,,,,,,TradingCondition,string,0,124
2021-11-01T14:00:06.6196000Z,FLD,0,Set,,,,,,,,TradeId,string,140006605753125596,124
2021-11-01T14:00:06.6196000Z,FLD,0,Set,,,,,,,,TradePrice,double,59.6,125
2021-11-01T14:00:06.6196000Z,FLD,0,Set,,,,,,,,TradeSize,long,35,125
2021-11-01T14:00:06.6196000Z,FLD,0,Set,,,,,,,,TradingCondition,string,0,125
2021-11-01T14:00:06.6196000Z,FLD,0,Set,,,,,,,,TradeId,string,140006605753125596,125
2021-11-01T14:00:06.8457000Z,MBO,1,Clear,Bid,,,,1635775206605886397,,,,,,126
2021-11-01T14:00:06.8457000Z,MBO,1,Set,Bid,59.59,35,,1635775206822610874,0,,,,,127
2021-11-01T14:00:06.8457000Z,MBO,1,Set,Bid,59.59,43,,1635775206822750375,0,,,,,128
2021-11-01T14:00:07.0781000Z,MBO,1,Clear,Bid,,,,1635775206822750375,,,,,,129
2021-11-01T14:00:07.1173000Z,MBO,1,Set,Bid,59.59,43,,1635775207105521977,0,,,,,130
2021-11-01T14:00:07.2752000Z,MBO,1,Clear,Bid,,,,1635775205261589249,,,,,,131
2021-11-01T14:00:07.4102000Z,MBO,1,Clear,Bid,,,,1635775207105521977,,,,,,132
2021-11-01T14:00:07.4102000Z,MBO,1,Set,Bid,59.59,43,,1635775207404478937,0,,,,,133
2021-11-01T14:00:07.4469000Z,MBO,1,Set,Bid,59.59,291,,1635775207431831696,0,,,,,134
2021-11-01T14:00:07.4663000Z,MBO,1,Clear,Bid,,,,1635775207404478937,,,,,,135
2021-11-01T14:00:07.4757000Z,MBO,1,Clear,Bid,,,,1635775200422408243,,,,,,136
2021-11-01T14:00:07.5250000Z,MBO,1,Set,Bid,59.59,98,,1635775207507738972,0,,,,,137
2021-11-01T14:00:07.5791000Z,MBO,1,Clear,Bid,,,,1635775207431831696,,,,,,138
2021-11-01T14:00:07.5791000Z,MBO,1,Set,Bid,59.58,291,,1635775207562381575,0,,,,,139
2021-11-01T14:00:07.5791000Z,MBO,1,Set,Bid,59.59,43,,1635775207562439452,0,,,,,140
2021-11-01T14:00:07.7964000Z,MBO,1,Clear,Bid,,,,1635775207562439452,,,,,,141
2021-11-01T14:00:07.7964000Z,MBO,1,Set,Bid,59.59,43,,1635775207765641354,0,,,,,142
2021-11-01T14:00:07.8770000Z,MBO,1,Clear,Bid,,,,1635775207765641354,,,,,,143
2021-11-01T14:00:07.9188000Z,MBO,1,Set,Bid,59.59,43,,1635775207900854460,0,,,,,144
2021-11-01T14:00:08.6243000Z,MBO,1,Clear,Bid,,,,1635775207900854460,,,,,,145
2021-11-01T14:00:08.6243000Z,MBO,1,Set,Bid,59.59,43,,1635775208606304245,0,,,,,146
2021-11-01T14:00:09.5727000Z,MBO,1,Clear,Bid,,,,1635775207562381575,,,,,,147
2021-11-01T14:00:09.5727000Z,MBO,1,Set,Bid,59.59,291,,1635775209562336512,0,,,,,148
2021-11-01T14:00:10.4930000Z,MBO,1,Set,Bid,59.59,177,,1635775210447073785,0,,,,,149
2021-11-01T14:00:10.4930000Z,MBO,1,Clear,Bid,,,,1635775133669730688,,,,,,150
2021-11-01T14:00:10.4930000Z,MBO,1,Set,Bid,59.59,19,,1635775210447155516,0,,,,,151
2021-11-01T14:00:10.4930000Z,MBO,1,Set,Bid,59.58,204,,1635775210447864482,0,,,,,152
2021-11-01T14:00:10.5334000Z,MBO,1,Clear,Ask,,,,1635775135677226636,,,,,,153
2021-11-01T14:00:10.6120000Z,MBO,1,Clear,Ask,,,,1635775206464682276,,,,,,154
2021-11-01T14:00:10.6701000Z,MBO,1,Set,Ask,59.61,98,,1635775210656099900,0,,,,,155
2021-11-01T14:00:10.7873000Z,MBO,1,Clear,Ask,,,,1635775210656099900,,,,,,156
2021-11-01T14:00:11.6525000Z,MBO,1,Set,Ask,59.61,98,,1635775211630639938,0,,,,,157
2021-11-01T14:00:11.6909000Z,MBO,1,Clear,Ask,,,,1635775211630639938,,,,,,158
2021-11-01T14:00:11.7653000Z,MBO,1,Clear,Ask,,,,1635775187707911191,,,,,,159
2021-11-01T14:00:11.7653000Z,MBO,1,Set,Ask,59.62,140,,1635775135264097078,0,,,,,160
2021-11-01T14:00:11.7653000Z,MBO,1,Set,Bid,59.6,125,,1635775211756136121,0,,,,,161
2021-11-01T14:00:11.7653000Z,MBO,1,Set,Bid,59.6,30,,1635775211756157140,0,,,,,162
2021-11-01T14:00:11.7653000Z,MBO,1,Clear,Ask,,,,1635775133745303332,,,,,,163
2021-11-01T14:00:11.7653000Z,MBO,1,Set,Bid,59.6,98,,1635775211756396128,0,,,,,164
2021-11-01T14:00:11.7653000Z,MBO,1,Set,Bid,59.6,45,,1635775211756406043,0,,,,,165
2021-11-01T14:00:11.7653000Z,MBO,1,Clear,Ask,,,,1635775190835276516,,,,,,166
2021-11-01T14:00:11.7653000Z,MBO,1,Clear,Ask,,,,1635774182618845808,,,,,,167
2021-11-01T14:00:11.7653000Z,MBO,1,Clear,Bid,,,,1635775208606304245,,,,,,168
2021-11-01T14:00:11.7653000Z,MBO,1,Set,Bid,59.6,35,,1635775211756624042,0,,,,,169
2021-11-01T14:00:11.7653000Z,MBO,1,Clear,Bid,,,,1635775206822610874,,,,,,170
2021-11-01T14:00:11.7653000Z,MBO,1,Clear,Bid,,,,1635775211756157140,,,,,,171
2021-11-01T14:00:11.7653000Z,MBO,1,Clear,Ask,,,,1635775189716249447,,,,,,172
2021-11-01T14:00:11.7653000Z,MBO,1,Clear,Bid,,,,1635775211756624042,,,,,,173
2021-11-01T14:00:11.7653000Z,MBO,1,Clear,Ask,,,,1635775139224329903,,,,,,174
2021-11-01T14:00:11.7653000Z,MBO,1,Set,Ask,59.62,35,,1635775211756729586,0,,,,,175
2021-11-01T14:00:11.7653000Z,MBO,1,Clear,Ask,,,,1635775211756729586,,,,,,176
2021-11-01T14:00:11.7653000Z,MBO,1,Clear,Ask,,,,1635775183079497397,,,,,,177
2021-11-01T14:00:11.7653000Z,MBO,1,Set,Ask,59.95,167,,1635775211757103572,0,,,,,178
2021-11-01T14:00:11.7653000Z,FLD,0,Set,,,,,,,,TradePrice,double,59.61,179
2021-11-01T14:00:11.7653000Z,FLD,0,Set,,,,,,,,TradeSize,long,125,179
2021-11-01T14:00:11.7653000Z,FLD,0,Set,,,,,,,,TradingCondition,string,0,179
2021-11-01T14:00:11.7653000Z,FLD,0,Set,,,,,,,,TradeId,string,1400117560274415961,179
2021-11-01T14:00:11.7748000Z,MBO,1,Set,Bid,59.55,101,,1635775211761226140,0,,,,,180
2021-11-01T14:00:11.7748000Z,MBO,1,Set,Ask,59.8,101,,1635775211761235265,0,,,,,181
2021-11-01T14:00:11.7748000Z,MBO,1,Set,Ask,59.62,321,,1635775211764356962,0,,,,,182
2021-11-01T14:00:11.7861000Z,MBO,1,Set,Ask,59.61,125,,1635775211779654544,0,,,,,183
2021-11-01T14:00:11.7861000Z,MBO,1,Clear,Bid,,,,1635775211756136121,,,,,,184
2021-11-01T14:00:11.7861000Z,MBO,1,Set,Bid,59.6,98,,1635775211756396128,0,,,,,185
2021-11-01T14:00:11.8655000Z,MBO,1,Clear,Bid,,,,1635775211756406043,,,,,,186
2021-11-01T14:00:11.9044000Z,MBO,1,Set,Ask,59.66,101,,1635775211866224795,0,,,,,187
2021-11-01T14:00:11.9992000Z,MBO,1,Set,Ask,59.72,400,,1635775211988607123,0,,,,,188
2021-11-01T14:00:12.7245000Z,MBO,1,Clear,Bid,,,,1635775210447864482,,,,,,189
2021-11-01T14:00:12.7245000Z,MBO,1,Set,Bid,59.58,95,,1635775212694135273,0,,,,,190
2021-11-01T14:00:12.8042000Z,MBO,1,Set,Bid,59.6,43,,1635775212771726193,0,,,,,191
2021-11-01T14:00:12.8042000Z,MBO,1,Set,Bid,59.6,35,,1635775212771750750,0,,,,,192
2021-11-01T14:00:12.8042000Z,MBO,1,Clear,Ask,,,,1635775211779654544,,,,,,193
2021-11-01T14:00:12.8042000Z,MBO,1,Set,Ask,59.62,140,,1635775135264097078,0,,,,,194
2021-11-01T14:00:12.8042000Z,MBO,1,Clear,Ask,,,,1635775211866224795,,,,,,195
2021-11-01T14:00:12.8042000Z,MBO,1,Clear,Bid,,,,1635775212771750750,,,,,,196
2021-11-01T14:00:12.8042000Z,MBO,1,Set,Ask,59.62,35,,1635775212771870950,0,,,,,197
2021-11-01T14:00:12.8042000Z,MBO,1,Set,Ask,59.62,98,,1635775212771884433,0,,,,,198
2021-11-01T14:00:12.8479000Z,MBO,1,Clear,Bid,,,,1635775212771726193,,,,,,199
2021-11-01T14:00:12.8557000Z,MBO,1,Set,Ask,59.61,125,,1635775212849446310,0,,,,,200
2021-11-01T14:00:12.8557000Z,MBO,1,Clear,Ask,,,,1635775212771870950,,,,,,201
2021-11-01T14:00:12.9565000Z,MBO,1,Set,Ask,59.66,101,,1635775212916235763,0,,,,,202
2021-11-01T14:00:13.1246000Z,MBO,1,Set,Ask,59.61,98,,1635775213080408347,0,,,,,203
2021-11-01T14:00:13.1246000Z,MBO,1,Clear,Bid,,,,1635775211756396128,,,,,,204
2021-11-01T14:00:13.1246000Z,MBO,1,Set,Bid,59.59,141,,1635775190050871230,0,,,,,205
2021-11-01T14:00:13.1246000Z,MBO,1,Set,Bid,59.59,43,,1635775213080777723,0,,,,,206
2021-11-01T14:00:13.1246000Z,MBO,1,Clear,Ask,,,,1635775213080408347,,,,,,207
2021-11-01T14:00:13.1246000Z,MBO,1,Clear,Bid,,,,1635775211761226140,,,,,,208
2021-11-01T14:00:13.8224000Z,MBO,1,Set,Ask,59.73,104,,1635775213817115646,0,,,,,209
2021-11-01T14:00:14.0063000Z,MBO,1,Set,Ask,59.61,34,,1635775213995423063,0,,,,,210
2021-11-01T14:00:14.3254000Z,MBO,1,Set,Bid,59.6,135,,1635775214302141408,0,,,,,211
2021-11-01T14:00:14.3254000Z,MBO,1,Set,Bid,59.6,98,,1635775214302201743,0,,,,,212
2021-11-01T14:00:14.3254000Z,MBO,1,Set,Bid,59.6,45,,1635775214302215835,0,,,,,213
2021-11-01T14:00:14.3254000Z,MBO,1,Clear,Ask,,,,1635775212849446310,,,,,,214
2021-11-01T14:00:14.3254000Z,MBO,1,Set,Ask,59.61,34,,1635775213995423063,0,,,,,215
2021-11-01T14:00:14.3254000Z,MBO,1,Clear,Bid,,,,1635775194976885455,,,,,,216
2021-11-01T14:00:14.3254000Z,MBO,1,Set,Bid,59.6,18,,1635775214302317382,0,,,,,217
2021-11-01T14:00:14.3254000Z,MBO,1,Set,Bid,59.6,35,,1635775214302326146,0,,,,,218
2021-11-01T14:00:14.3254000Z,MBO,1,Clear,Bid,,,,1635775213080777723,,,,,,219
2021-11-01T14:00:14.3254000Z,MBO,1,Clear,Bid,,,,1635775214302215835,,,,,,220
2021-11-01T14:00:14.4053000Z,MBO,1,Set,Bid,59.55,101,,1635775214386249204,0,,,,,221
2021-11-01T14:00:14.4280000Z,MBO,1,Set,Bid,59.6,44,,1635775214411494034,0,,,,,222
2021-11-01T14:00:14.4280000Z,MBO,1,Clear,Bid,,,,1635775214411494034,,,,,,223
2021-11-01T14:00:15.2192000Z,MBO,1,Set,Bid,59.6,43,,1635775215202877298,0,,,,,224
2021-11-01T14:00:15.2815000Z,FLD,0,Set,,,,,,,,TradePrice,double,59.61,225
2021-11-01T14:00:15.2815000Z,FLD,0,Set,,,,,,,,TradeSize,long,34,225
2021-11-01T14:00:15.2815000Z,FLD,0,Set,,,,,,,,TradingCondition,string,0,225
2021-11-01T14:00:15.2815000Z,FLD,0,Set,,,,,,,,TradeId,string,1400152777151905961,225
2021-11-01T14:00:15.2829000Z,MBO,1,Clear,Ask,,,,1635775212771884433,,,,,,226
2021-11-01T14:00:15.2829000Z,MBO,1,Clear,Ask,,,,1635775211764356962,,,,,,227
2021-11-01T14:00:15.2829000Z,MBO,1,Clear,Ask,,,,1635775213995423063,,,,,,228
2021-11-01T14:00:15.2829000Z,MBO,1,Set,Ask,59.62,140,,1635775135264097078,0,,,,,229
2021-11-01T14:00:15.2829000Z,MBO,1,Set,Bid,59.6,125,,1635775215277821988,0,,,,,230
2021-11-01T14:00:15.2829000Z,MBO,1,Clear,Ask,,,,1635775212916235763,,,,,,231
2021-11-01T14:00:15.2829000Z,MBO,1,Clear,Ask,,,,1635775135264144251,,,,,,232
2021-11-01T14:00:15.2829000Z,MBO,1,Clear,Bid,,,,1635775214302317382,,,,,,233
2021-11-01T14:00:15.2829000Z,MBO,1,Set,Bid,58.41,18,,1635775215277894805,0,,,,,234
2021-11-01T14:00:15.2829000Z,MBO,1,Clear,Bid,,,,1635775209562336512,,,,,,235
2021-11-01T14:00:15.2829000Z,MBO,1,Set,Bid,59.6,291,,1635775215278050268,0,,,,,236
2021-11-01T14:00:15.2829000Z,MBO,1,Clear,Bid,,,,1635775215277894805,,,,,,237
2021-11-01T14:00:15.2829000Z,MBO,1,Set,Bid,59.6,18,,1635775215278118165,0,,,,,238
2021-11-01T14:00:15.2829000Z,MBO,1,Clear,Ask,,,,1635775213817115646,,,,,,239
2021-11-01T14:00:15.2951000Z,MBO,1,Set,Ask,59.62,34,,1635775215281159081,0,,,,,240
2021-11-01T14:00:15.2951000Z,MBO,1,Set,Ask,59.62,321,,1635775215282772964,0,,,,,241
2021-11-01T14:00:15.2951000Z,MBO,1,Clear,Bid,,,,1635775215277821988,,,,,,242
2021-11-01T14:00:16.0547000Z,MBO,1,Set,Ask,60.2,100,,1635775216006268068,0,,,,,243
2021-11-01T14:00:16.0547000Z,MBO,1,Set,Bid,59.02,100,,1635775216006341335,0,,,,,244
2021-11-01T14:00:16.0547000Z,MBO,1,Set,Bid,59.01,100,,1635775216006408193,0,,,,,245
2021-11-01T14:00:16.2326000Z,MBO,1,Set,Ask,59.62,45,,1635775216203023702,0,,,,,246
2021-11-01T14:00:16.2732000Z,MBO,1,Set,Ask,59.62,98,,1635775216225123169,0,,,,,247
2021-11-01T14:00:16.2732000Z,MBO,1,Clear,Bid,,,,1635775215202877298,,,,,,248
2021-11-01T14:00:16.2732000Z,MBO,1,Clear,Bid,,,,1635775215278118165,,,,,,249
2021-11-01T14:00:16.2732000Z,MBO,1,Set,Bid,58.41,18,,1635775216225201855,0,,,,,250
2021-11-01T14:00:16.2732000Z,MBO,1,Set,Ask,59.61,125,,1635775216225671946,0,,,,,251
2021-11-01T14:00:16.2732000Z,MBO,1,Clear,Bid,,,,1635775214302201743,,,,,,252
2021-11-01T14:00:16.2756000Z,MBO,1,Set,Bid,59.6,45,,1635775216255254786,0,,,,,253
2021-11-01T14:00:16.2756000Z,MBO,1,Clear,Ask,,,,1635775216203023702,,,,,,254
2021-11-01T14:00:16.2756000Z,MBO,1,Clear,Ask,,,,1635775216225671946,,,,,,255
2021-11-01T14:00:16.2756000Z,MBO,1,Set,Ask,59.62,140,,1635775135264097078,0,,,,,256
2021-11-01T14:00:16.2756000Z,MBO,1,Clear,Ask,,,,1635775216225123169,,,,,,257
2021-11-01T14:00:16.2756000Z,MBO,1,Clear,Bid,,,,1635775214302326146,,,,,,258
2021-11-01T14:00:16.2756000Z,MBO,1,Set,Ask,59.62,35,,1635775216255562423,0,,,,,259
2021-11-01T14:00:16.2906000Z,MBO,1,Clear,Bid,,,,1635775216225201855,,,,,,260
2021-11-01T14:00:16.2906000Z,MBO,1,Set,Bid,59.6,18,,1635775216269874154,0,,,,,261
2021-11-01T14:00:16.2906000Z,MBO,1,Set,Bid,59.6,98,,1635775216278191944,0,,,,,262
2021-11-01T14:00:16.3173000Z,MBO,1,Set,Bid,59.53,84,,1635775216289773836,0,,,,,263
2021-11-01T14:00:16.3173000Z,MBO,1,Set,Ask,59.71,84,,1635775216289782340,0,,,,,264
2021-11-01T14:00:16.3857000Z,MBO,1,Set,Ask,59.62,46,,1635775216371413937,0,,,,,265
2021-11-01T14:00:16.3857000Z,MBO,1,Clear,Ask,,,,1635775216255562423,,,,,,266
2021-11-01T14:00:16.3857000Z,MBO,1,Set,Bid,59.6,35,,1635775216371475622,0,,,,,267
2021-11-01T14:00:16.3857000Z,MBO,1,Clear,Bid,,,,1635775216269874154,,,,,,268
2021-11-01T14:00:16.3857000Z,MBO,1,Set,Bid,58.41,18,,1635775216371484275,0,,,,,269
2021-11-01T14:00:16.3857000Z,MBO,1,Clear,Ask,,,,1635775216371413937,,,,,,270
2021-11-01T14:00:16.3857000Z,MBO,1,Clear,Bid,,,,1635775216371484275,,,,,,271
2021-11-01T14:00:16.3857000Z,MBO,1,Set,Bid,59.6,18,,1635775216373473369,0,,,,,272
2021-11-01T14:00:16.4686000Z,MBO,1,Clear,Bid,,,,1635775186478594435,,,,,,273
2021-11-01T14:00:16.4686000Z,MBO,1,Clear,Ask,,,,1635775186578849919,,,,,,274
2021-11-01T14:00:16.4686000Z,MBO,1,Set,Bid,59.57,84,,1635775216445799044,0,,,,,275
2021-11-01T14:00:16.4686000Z,MBO,1,Set,Ask,59.67,84,,1635775216445817094,0,,,,,276
2021-11-01T14:00:16.4686000Z,MBO,1,Clear,Bid,,,,1635775186578830573,,,,,,277
2021-11-01T14:00:16.4686000Z,MBO,1,Clear,Ask,,,,1635775186478616547,,,,,,278
2021-11-01T14:00:16.4686000Z,MBO,1,Clear,Bid,,,,1635775186679064084,,,,,,279
2021-11-01T14:00:16.4686000Z,MBO,1,Clear,Ask,,,,1635775186679083350,,,,,,280
2021-11-01T14:00:16.5557000Z,MBO,1,Set,Bid,59.19,84,,1635775216546025902,0,,,,,281
2021-11-01T14:00:16.5557000Z,MBO,1,Set,Ask,60.05,84,,1635775216546045261,0,,,,,282
2021-11-01T14:00:16.5557000Z,MBO,1,Clear,Bid,,,,1635775186828446678,,,,,,283
2021-11-01T14:00:16.5557000Z,MBO,1,Clear,Ask,,,,1635775186828465643,,,,,,284
2021-11-01T14:00:16.5557000Z,MBO,1,Clear,Bid,,,,1635775186378357396,,,,,,285
2021-11-01T14:00:16.5557000Z,MBO,1,Clear,Ask,,,,1635775186928701740,,,,,,286
2021-11-01T14:00:16.6593000Z,MBO,1,Set,Bid,59.21,84,,1635775216646264871,0,,,,,287
2021-11-01T14:00:16.6593000Z,MBO,1,Set,Ask,60.03,84,,1635775216646284495,0,,,,,288
2021-11-01T14:00:16.6593000Z,MBO,1,Clear,Bid,,,,1635775186928682505,,,,,,289
2021-11-01T14:00:16.6593000Z,MBO,1,Clear,Ask,,,,1635775186378376416,,,,,,290
2021-11-01T14:00:16.6593000Z,MBO,1,Clear,Bid,,,,1635775187028916979,,,,,,291
2021-11-01T14:00:16.6593000Z,MBO,1,Clear,Ask,,,,1635775187028934453,,,,,,292
2021-11-01T14:00:16.7896000Z,MBO,1,Set,Bid,59.25,84,,1635775216746503924,0,,,,,293
2021-11-01T14:00:16.7896000Z,MBO,1,Set,Ask,59.99,84,,1635775216746522146,0,,,,,294
2021-11-01T14:00:16.7896000Z,MBO,1,Clear,Bid,,,,1635775187129154569,,,,,,295
2021-11-01T14:00:16.7896000Z,MBO,1,Clear,Ask,,,,1635775187129172006,,,,,,296
2021-11-01T14:00:16.7896000Z,MBO,1,Clear,Bid,,,,1635775186278123086,,,,,,297
2021-11-01T14:00:16.7896000Z,MBO,1,Clear,Ask,,,,1635775187229406054,,,,,,298
2021-11-01T14:00:16.8313000Z,MBO,1,Clear,Ask,,,,1635775152542125746,,,,,,299
2021-11-01T14:00:16.8313000Z,MBO,1,Set,Ask,59.67,176,,1635775216822591424,0,,,,,300
2021-11-01T14:00:16.8377000Z,MBO,1,Clear,Ask,,,,1635775216822591424,,,,,,301
2021-11-01T14:00:16.8377000Z,MBO,1,Set,Ask,59.67,180,,1635775216823985704,0,,,,,302
2021-11-01T14:00:16.8598000Z,MBO,1,Set,Bid,59.27,84,,1635775216846745298,0,,,,,303
2021-11-01T14:00:16.8598000Z,MBO,1,Set,Ask,59.97,84,,1635775216846755023,0,,,,,304
2021-11-01T14:00:16.8598000Z,MBO,1,Clear,Bid,,,,1635775187229389422,,,,,,305
2021-11-01T14:00:16.8598000Z,MBO,1,Clear,Ask,,,,1635775186278145495,,,,,,306
2021-11-01T14:00:16.8598000Z,MBO,1,Clear,Bid,,,,1635775187378767594,,,,,,307
2021-11-01T14:00:16.8598000Z,MBO,1,Clear,Ask,,,,1635775187378777893,,,,,,308
2021-11-01T14:00:16.8705000Z,MBO,1,Set,Ask,59.62,47,,1635775216856937000,0,,,,,309
2021-11-01T14:00:16.8705000Z,MBO,1,Set,Ask,59.62,98,,1635775216857233811,0,,,,,310
2021-11-01T14:00:16.8705000Z,MBO,1,Clear,Ask,,,,1635775216857233811,,,,,,311
2021-11-01T14:00:16.8705000Z,MBO,1,Clear,Ask,,,,1635775216856937000,,,,,,312
2021-11-01T14:00:16.9344000Z,MBO,1,Set,Ask,59.62,48,,1635775216925388099,0,,,,,313
2021-11-01T14:00:16.9550000Z,MBO,1,Set,Bid,59.31,84,,1635775216946982310,0,,,,,314
2021-11-01T14:00:16.9550000Z,MBO,1,Set,Ask,59.93,84,,1635775216946995179,0,,,,,315
2021-11-01T14:00:16.9550000Z,MBO,1,Clear,Bid,,,,1635775187479002738,,,,,,316
2021-11-01T14:00:16.9550000Z,MBO,1,Clear,Ask,,,,1635775187479015919,,,,,,317
2021-11-01T14:00:16.9550000Z,MBO,1,Clear,Bid,,,,1635775187579243907,,,,,,318
2021-11-01T14:00:16.9550000Z,MBO,1,Clear,Ask,,,,1635775187579257399,,,,,,319
2021-11-01T14:00:16.9550000Z,MBO,1,Set,Bid,59.05,100,,1635775216947078721,0,,,,,320
2021-11-01T14:00:16.9550000Z,MBO,1,Set,Ask,60.19,100,,1635775216947095912,0,,,,,321
2021-11-01T14:00:17.0639000Z,MBO,1,Set,Bid,59.33,84,,1635775217047221869,0,,,,,322
2021-11-01T14:00:17.0639000Z,MBO,1,Set,Ask,59.91,84,,1635775217047231414,0,,,,,323
2021-11-01T14:00:17.1655000Z,MBO,1,Set,Ask,59.62,98,,1635775217143712819,0,,,,,324
2021-11-01T14:00:17.1655000Z,MBO,1,Set,Bid,59.37,84,,1635775217147459990,0,,,,,325
2021-11-01T14:00:17.1655000Z,MBO,1,Set,Ask,59.87,84,,1635775217147468507,0,,,,,326
2021-11-01T14:00:17.2028000Z,MBO,1,Clear,Bid,,,,1635775216371475622,,,,,,327
2021-11-01T14:00:17.2028000Z,MBO,1,Set,Ask,59.62,35,,1635775217163315541,0,,,,,328
2021-11-01T14:00:17.2028000Z,MBO,1,Clear,Bid,,,,1635775216373473369,,,,,,329
2021-11-01T14:00:17.2028000Z,MBO,1,Set,Bid,58.41,18,,1635775217163371830,0,,,,,330
2021-11-01T14:00:17.2049000Z,MBO,1,Clear,Bid,,,,1635775186117434544,,,,,,331
2021-11-01T14:00:17.2049000Z,MBO,1,Clear,Ask,,,,1635775187679475168,,,,,,332
2021-11-01T14:00:17.2578000Z,MBO,1,Clear,Bid,,,,1635775216255254786,,,,,,333
2021-11-01T14:00:17.3478000Z,MBO,1,Set,Bid,59.39,84,,1635775217297423392,0,,,,,334
2021-11-01T14:00:17.3478000Z,MBO,1,Set,Ask,59.85,84,,1635775217297438384,0,,,,,335
2021-11-01T14:00:17.3478000Z,MBO,1,Set,Ask,59.74,104,,1635775217318298461,0,,,,,336
2021-11-01T14:00:17.3478000Z,MBO,1,Set,Bid,59.6,48,,1635775217319453842,0,,,,,337
2021-11-01T14:00:17.4313000Z,MBO,1,Set,Bid,59.43,84,,1635775217397662212,0,,,,,338
2021-11-01T14:00:17.4313000Z,MBO,1,Set,Ask,59.81,84,,1635775217397676396,0,,,,,339
2021-11-01T14:00:17.4716000Z,MBO,1,Clear,Bid,,,,1635775144159105339,,,,,,340
2021-11-01T14:00:17.4716000Z,MBO,1,Clear,Ask,,,,1635775187779711515,,,,,,341
2021-11-01T14:00:17.5948000Z,MBO,1,Set,Bid,59.45,84,,1635775217547431801,0,,,,,342
2021-11-01T14:00:17.5948000Z,MBO,1,Set,Ask,59.79,84,,1635775217547444345,0,,,,,343
2021-11-01T14:00:17.6510000Z,MBO,1,Set,Bid,59.49,84,,1635775217647666925,0,,,,,344
2021-11-01T14:00:17.6510000Z,MBO,1,Set,Ask,59.75,84,,1635775217647680422,0,,,,,345
2021-11-01T14:00:17.7561000Z,MBO,1,Set,Bid,59.51,84,,1635775217747903295,0,,,,,346
2021-11-01T14:00:17.7561000Z,MBO,1,Set,Ask,59.73,84,,1635775217747914899,0,,,,,347
2021-11-01T14:00:17.8966000Z,MBO,1,Set,Bid,59.55,84,,1635775217848138788,0,,,,,348
2021-11-01T14:00:17.8966000Z,MBO,1,Set,Ask,59.69,84,,1635775217848146845,0,,,,,349
2021-11-01T14:00:17.9801000Z,MBO,1,Clear,Bid,,,,1635775217319453842,,,,,,350
2021-11-01T14:00:17.9801000Z,MBO,1,Set,Ask,59.61,125,,1635775217947328208,0,,,,,351
2021-11-01T14:00:17.9801000Z,MBO,1,Set,Ask,59.65,84,,1635775217947369226,0,,,,,352
2021-11-01T14:00:17.9801000Z,MBO,1,Clear,Ask,,,,1635775217163315541,,,,,,353
2021-11-01T14:00:17.9801000Z,MBO,1,Set,Bid,59.6,35,,1635775217947416389,0,,,,,354
2021-11-01T14:00:17.9801000Z,MBO,1,Clear,Bid,,,,1635775217947416389,,,,,,355
2021-11-01T14:00:17.9801000Z,MBO,1,Set,Ask,59.66,101,,1635775217956306737,0,,,,,356
2021-11-01T14:00:18.0698000Z,MBO,1,Clear,Bid,,,,1635775216278191944,,,,,,357
2021-11-01T14:00:18.0698000Z,MBO,1,Set,Ask,59.61,50,,1635775218062101796,0,,,,,358
2021-11-01T14:00:18.0698000Z,MBO,1,Clear,Ask,,,,1635775218062101796,,,,,,359
2021-11-01T14:00:18.2115000Z,MBO,1,Clear,Ask,,,,1635775216546045261,,,,,,360
2021-11-01T14:00:19.1188000Z,MBO,1,Set,Ask,59.61,48,,1635775219076558843,0,,,,,361
2021-11-01T14:00:19.1188000Z,MBO,1,Set,Ask,59.61,98,,1635775219076660890,0,,,,,362
2021-11-01T14:00:19.1188000Z,MBO,1,Clear,Bid,,,,1635775215278050268,,,,,,363
2021-11-01T14:00:19.1188000Z,MBO,1,Set,Bid,59.59,291,,1635775219076802458,0,,,,,364
2021-11-01T14:00:19.2110000Z,MBO,1,Clear,Bid,,,,1635775216445799044,,,,,,365
2021-11-01T14:00:19.3198000Z,MBO,1,Set,Bid,59.17,84,,1635775219297872541,0,,,,,366
2021-11-01T14:00:19.5192000Z,MBO,1,Clear,Ask,,,,1635775211757103572,,,,,,367
2021-11-01T14:00:19.5192000Z,MBO,1,Set,Ask,59.92,167,,1635775219509004823,0,,,,,368
2021-11-01T14:00:19.5192000Z,MBO,1,Clear,Bid,,,,1635775214302141408,,,,,,369
2021-11-01T14:00:19.5192000Z,MBO,1,Set,Bid,59.59,141,,1635775190050871230,0,,,,,370
2021-11-01T14:00:19.5192000Z,MBO,1,Clear,Bid,,,,1635775214386249204,,,,,,371
2021-11-01T14:00:19.5192000Z,MBO,1,Clear,Bid,,,,1635775205715274416,,,,,,372
2021-11-01T14:00:19.5192000Z,MBO,1,Set,Bid,59.59,35,,1635775219509264599,0,,,,,373
2021-11-01T14:00:19.5192000Z,MBO,1,Clear,Bid,,,,1635775210447155516,,,,,,374
2021-11-01T14:00:19.5192000Z,MBO,1,Set,Bid,58.4,19,,1635775219509303154,0,,,,,375
2021-11-01T14:00:19.5192000Z,MBO,1,Clear,Bid,,,,1635775207507738972,,,,,,376
2021-11-01T14:00:19.5192000Z,FLD,0,Set,,,,,,,,TradePrice,double,59.6,377
2021-11-01T14:00:19.5192000Z,FLD,0,Set,,,,,,,,TradeSize,long,135,377
2021-11-01T14:00:19.5192000Z,FLD,0,Set,,,,,,,,TradingCondition,string,0,377
2021-11-01T14:00:19.5192000Z,FLD,0,Set,,,,,,,,TradeId,string,140019509127059596,377
2021-11-01T14:00:19.6826000Z,MBO,1,Set,Bid,59.49,400,,1635775219655272397,0,,,,,378
2021-11-01T14:00:19.8454000Z,MBO,1,Clear,Ask,,,,1635775216823985704,,,,,,379
2021-11-01T14:00:20.4948000Z,MBO,1,Set,Bid,59.59,98,,1635775220486880981,0,,,,,380
2021-11-01T14:00:20.4948000Z,MBO,1,Set,Bid,59.59,48,,1635775220486891472,0,,,,,381
2021-11-01T14:00:20.4948000Z,MBO,1,Clear,Bid,,,,1635775217163371830,,,,,,382
2021-11-01T14:00:20.4948000Z,MBO,1,Set,Bid,59.59,18,,1635775220486972487,0,,,,,383
2021-11-01T14:00:20.7721000Z,MBO,1,Set,Ask,59.76,35,,1635775220757238608,0,,,,,384
2021-11-01T14:00:21.6644000Z,MBO,1,Clear,Bid,,,,1635775220486880981,,,,,,385
2021-11-01T14:00:21.6644000Z,MBO,1,Clear,Bid,,,,1635775220486891472,,,,,,386
2021-11-01T14:00:21.6644000Z,MBO,1,Clear,Bid,,,,1635775220486972487,,,,,,387
2021-11-01T14:00:21.6644000Z,MBO,1,Set,Bid,58.37,18,,1635775221642929930,0,,,,,388
2021-11-01T14:00:21.6644000Z,MBO,1,Set,Ask,59.61,49,,1635775221643243782,0,,,,,389
2021-11-01T14:00:21.6644000Z,MBO,1,Clear,Ask,,,,1635775221643243782,,,,,,390
2021-11-01T14:00:22.8081000Z,MBO,1,Set,Ask,59.66,2,,1635775222773231547,0,,,,,391
2021-11-01T14:00:23.1874000Z,MBO,1,Set,Bid,59.59,98,,1635775223170839290,0,,,,,392
2021-11-01T14:00:23.1874000Z,MBO,1,Set,Bid,59.59,49,,1635775223170852742,0,,,,,393
2021-11-01T14:00:23.1874000Z,MBO,1,Set,Bid,58.99,200,,1635775223170899633,0,,,,,394
2021-11-01T14:00:23.1874000Z,MBO,1,Set,Ask,60.21,200,,1635775223170909068,0,,,,,395
2021-11-01T14:00:23.1874000Z,MBO,1,Clear,Bid,,,,1635775219509303154,,,,,,396
2021-11-01T14:00:23.1874000Z,MBO,1,Set,Bid,59.59,19,,1635775223170970585,0,,,,,397
2021-11-01T14:00:23.3833000Z,MBO,1,Clear,Bid,,,,1635775223170852742,,,,,,398
2021-11-01T14:00:23.3833000Z,MBO,1,Clear,Bid,,,,1635775223170839290,,,,,,399
2021-11-01T14:00:23.3833000Z,MBO,1,Set,Bid,59.59,98,,1635775223345808022,0,,,,,400
2021-11-01T14:00:23.3833000Z,MBO,1,Set,Bid,59.59,49,,1635775223345853896,0,,,,,401
2021-11-01T14:00:23.3833000Z,MBO,1,Clear,Bid,,,,1635775223345853896,,,,,,402
2021-11-01T14:00:23.3833000Z,MBO,1,Clear,Bid,,,,1635775223345808022,,,,,,403
2021-11-01T14:00:23.4272000Z,MBO,1,Set,Bid,59.59,98,,1635775223420347546,0,,,,,404
2021-11-01T14:00:23.4374000Z,MBO,1,Set,Bid,59.59,49,,1635775223421696523,0,,,,,405
2021-11-01T14:00:23.5978000Z,MBO,1,Clear,Bid,,,,1635775223421696523,,,,,,406
2021-11-01T14:00:23.6012000Z,MBO,1,Clear,Bid,,,,1635775223420347546,,,,,,407
2021-11-01T14:00:23.6561000Z,MBO,1,Set,Ask,59.61,50,,1635775223630694321,0,,,,,408
2021-11-01T14:00:23.6561000Z,MBO,1,Clear,Bid,,,,1635775223170970585,,,,,,409
2021-11-01T14:00:23.6561000Z,MBO,1,Set,Bid,58.4,19,,1635775223630769227,0,,,,,410
2021-11-01T14:00:23.6561000Z,MBO,1,Clear,Ask,,,,1635775223630694321,,,,,,411
2021-11-01T14:00:23.7439000Z,MBO,1,Set,Ask,59.61,50,,1635775223730186442,0,,,,,412
2021-11-01T14:00:23.9941000Z,MBO,1,Clear,Ask,,,,1635775223730186442,,,,,,413
2021-11-01T14:00:23.9941000Z,MBO,1,Set,Bid,59.59,98,,1635775223987702417,0,,,,,414
2021-11-01T14:00:24.0137000Z,MBO,1,Clear,Bid,,,,1635775223987702417,,,,,,415
2021-11-01T14:00:24.0137000Z,MBO,1,Set,Ask,59.61,50,,1635775224002444651,0,,,,,416
2021-11-01T14:00:24.0697000Z,MBO,1,Clear,Ask,,,,1635775224002444651,,,,,,417
2021-11-01T14:00:24.0790000Z,MBO,1,Set,Ask,59.61,50,,1635775224073309098,0,,,,,418
2021-11-01T14:00:25.9574000Z,MBO,1,Clear,Bid,,,,1635775219509264599,,,,,,419
2021-11-01T14:00:28.2812000Z,MBO,1,Set,Bid,59.56,101,,1635775228246419029,0,,,,,420
2021-11-01T14:00:28.2812000Z,MBO,1,Set,Ask,59.64,101,,1635775228246434765,0,,,,,421
2021-11-01T14:00:28.4441000Z,MBO,1,Clear,Ask,,,,1635775224073309098,,,,,,422
2021-11-01T14:00:28.4829000Z,MBO,1,Clear,Ask,,,,1635775219076558843,,,,,,423
2021-11-01T14:00:28.4829000Z,MBO,1,Clear,Ask,,,,1635775216925388099,,,,,,424
2021-11-01T14:00:28.4829000Z,MBO,1,Set,Bid,59.55,101,,1635775228456420414,0,,,,,425
2021-11-01T14:00:28.4829000Z,MBO,1,Set,Ask,59.65,101,,1635775228456432353,0,,,,,426
2021-11-01T14:00:28.5706000Z,MBO,1,Clear,Ask,,,,1635775219076660890,,,,,,427
2021-11-01T14:00:28.5706000Z,MBO,1,Clear,Ask,,,,1635775217143712819,,,,,,428
2021-11-01T14:00:28.5706000Z,MBO,1,Set,Ask,59.61,34,,1635775228566365541,0,,,,,429
2021-11-01T14:00:29.1029000Z,MBO,1,Set,Bid,59.54,221,,1635775229062411825,0,,,,,430
2021-11-01T14:00:29.1791000Z,MBO,1,Set,Bid,59.45,195,,1635775229156027256,0,,,,,431
2021-11-01T14:00:29.1791000Z,MBO,1,Set,Ask,59.76,195,,1635775229156042532,0,,,,,432
2021-11-01T14:00:29.4137000Z,MBO,1,Set,Bid,59.59,35,,1635775229403011595,0,,,,,433
2021-11-01T14:00:29.4137000Z,MBO,1,Clear,Bid,,,,1635775223630769227,,,,,,434
2021-11-01T14:00:29.4137000Z,MBO,1,Set,Bid,59.59,19,,1635775229403094433,0,,,,,435
2021-11-01T14:00:29.5437000Z,MBO,1,Set,Ask,59.61,48,,1635775229504994530,0,,,,,436
2021-11-01T14:00:29.8638000Z,MBO,1,Clear,Bid,,,,1635775219076802458,,,,,,437
2021-11-01T14:00:29.8638000Z,MBO,1,Set,Bid,59.58,291,,1635775229858102119,0,,,,,438
2021-11-01T14:00:29.8638000Z,MBO,1,Clear,Bid,,,,1635775229403011595,,,,,,439
2021-11-01T14:00:29.8751000Z,MBO,1,Clear,Bid,,,,1635775229403094433,,,,,,440
2021-11-01T14:00:29.8751000Z,MBO,1,Set,Bid,58.4,19,,1635775229858191341,0,,,,,441
2021-11-01T14:00:29.8751000Z,MBO,1,Set,Ask,59.61,35,,1635775229858212041,0,,,,,442
2021-11-01T14:00:30.0499000Z,MBO,1,Set,Bid,58.4,177,,1635775230035982286,0,,,,,443
2021-11-01T14:00:30.0499000Z,MBO,1,Set,Ask,60.8,177,,1635775230036087744,0,,,,,444
2021-11-01T14:00:30.0499000Z,MBO,1,Set,Ask,60.8,177,,1635775230042846975,0,,,,,445
2021-11-01T14:00:30.0499000Z,MBO,1,Set,Bid,58.4,177,,1635775230042868581,0,,,,,446
2021-11-01T14:00:31.0123000Z,MBO,1,Set,Ask,59.62,302,,1635775230986194678,0,,,,,447
2021-11-01T14:00:31.0123000Z,MBO,1,Set,Ask,59.61,321,,1635775230988739552,0,,,,,448
2021-11-01T14:00:31.1681000Z,MBO,1,Clear,Bid,,,,1635775193533261139,,,,,,449
2021-11-01T14:00:31.1681000Z,MBO,1,Set,Bid,59.46,195,,1635775231161494619,0,,,,,450
2021-11-01T14:00:31.1681000Z,MBO,1,Set,Ask,59.75,195,,1635775231161506887,0,,,,,451
2021-11-01T14:00:31.1681000Z,MBO,1,Clear,Bid,,,,1635775190050871230,,,,,,452
2021-11-01T14:00:31.1681000Z,MBO,1,Set,Bid,59.59,124,,1635775195211006788,0,,,,,453
2021-11-01T14:00:31.1681000Z,MBO,1,Set,Bid,59.59,65,,1635775195211006788,0,,,,,454
2021-11-01T14:00:31.1681000Z,MBO,1,Clear,Bid,,,,1635775183078382406,,,,,,455
2021-11-01T14:00:31.1681000Z,MBO,1,Clear,Bid,,,,1635775195211006788,,,,,,456
2021-11-01T14:00:31.1681000Z,MBO,1,Set,Bid,59.59,177,,1635775210447073785,0,,,,,457
2021-11-01T14:00:31.1681000Z,MBO,1,Clear,Bid,,,,1635775210447073785,,,,,,458
2021-11-01T14:00:31.1681000Z,MBO,1,Set,Bid,59.58,25,,1635775205262544387,0,,,,,459
2021-11-01T14:00:31.1681000Z,MBO,1,Set,Ask,59.59,86,,1635775231162104227,0,,,,,460
2021-11-01T14:00:31.1681000Z,MBO,1,Set,Ask,59.63,84,,1635775231162124909,0,,,,,461
2021-11-01T14:00:31.1681000Z,MBO,1,Set,Ask,59.6,35,,1635775231162136695,0,,,,,462
2021-11-01T14:00:31.1681000Z,MBO,1,Set,Ask,59.6,100,,1635775231162161394,0,,,,,463
2021-11-01T14:00:31.1681000Z,MBO,1,Clear,Bid,,,,1635775200217617534,,,,,,464
2021-11-01T14:00:31.1681000Z,MBO,1,Clear,Bid,,,,1635775219655272397,,,,,,465
2021-11-01T14:00:31.1681000Z,MBO,1,Clear,Bid,,,,1635775228246419029,,,,,,466
2021-11-01T14:00:31.1681000Z,MBO,1,Clear,Bid,,,,1635775200257113115,,,,,,467
2021-11-01T14:00:31.1681000Z,MBO,1,Clear,Bid,,,,1635775193697019196,,,,,,468
2021-11-01T14:00:31.1681000Z,MBO,1,Clear,Ask,,,,1635775216947095912,,,,,,469
2021-11-01T14:00:31.1681000Z,MBO,1,Clear,Bid,,,,1635775200191896386,,,,,,470
2021-11-01T14:00:31.1681000Z,MBO,1,Clear,Ask,,,,1635775229858212041,,,,,,471
2021-11-01T14:00:31.1681000Z,MBO,1,Set,Ask,59.59,125,,1635775231162245716,0,,,,,472
2021-11-01T14:00:31.1681000Z,MBO,1,Clear,Bid,,,,1635775217848138788,,,,,,473
2021-11-01T14:00:31.1681000Z,MBO,1,Set,Ask,59.64,90,,1635775231162256290,0,,,,,474
2021-11-01T14:00:31.1681000Z,MBO,1,Set,Bid,59.58,35,,1635775231162281908,0,,,,,475
2021-11-01T14:00:31.1681000Z,MBO,1,Clear,Ask,,,,1635775229504994530,,,,,,476
2021-11-01T14:00:31.1681000Z,MBO,1,Clear,Ask,,,,1635775228566365541,,,,,,477
2021-11-01T14:00:31.1681000Z,MBO,1,Clear,Bid,,,,1635775229858102119,,,,,,478
2021-11-01T14:00:31.1681000Z,MBO,1,Set,Bid,59.57,291,,1635775231162429327,0,,,,,479
2021-11-01T14:00:31.1681000Z,MBO,1,Clear,Ask,,,,1635775217318298461,,,,,,480
2021-11-01T14:00:31.1681000Z,MBO,1,Set,Ask,59.71,104,,1635775231162685458,0,,,,,481
2021-11-01T14:00:31.1681000Z,MBO,1,Clear,Ask,,,,1635775231162136695,,,,,,482
2021-11-01T14:00:31.1681000Z,MBO,1,Clear,Bid,,,,1635775231162281908,,,,,,483
2021-11-01T14:00:31.1681000Z,MBO,1,Clear,Bid,,,,1635775205262544387,,,,,,484
2021-11-01T14:00:31.1681000Z,MBO,1,Set,Bid,59.58,95,,1635775212694135273,0,,,,,485
2021-11-01T14:00:31.1681000Z,MBO,1,Clear,Bid,,,,1635775212694135273,,,,,,486
2021-11-01T14:00:31.1681000Z,MBO,1,Set,Bid,59.57,125,,1635775178504331795,0,,,,,487
2021-11-01T14:00:31.1681000Z,MBO,1,Clear,Bid,,,,1635775228456420414,,,,,,488
2021-11-01T14:00:31.1681000Z,MBO,1,Clear,Ask,,,,1635775230042846975,,,,,,489
2021-11-01T14:00:31.1681000Z,MBO,1,Set,Ask,60.78,177,,1635775231163650744,0,,,,,490
2021-11-01T14:00:31.1681000Z,MBO,1,Clear,Bid,,,,1635775185118081035,,,,,,491
2021-11-01T14:00:31.1681000Z,MBO,1,Clear,Ask,,,,1635775230036087744,,,,,,492
2021-11-01T14:00:31.1681000Z,MBO,1,Set,Ask,60.78,177,,1635775231164383992,0,,,,,493
2021-11-01T14:00:31.1696000Z,FLD,0,Set,,,,,,,,TradePrice,double,59.59,494
2021-11-01T14:00:31.1696000Z,FLD,0,Set,,,,,,,,TradeSize,long,141,494
2021-11-01T14:00:31.1696000Z,FLD,0,Set,,,,,,,,TradingCondition,string,0,494
2021-11-01T14:00:31.1696000Z,FLD,0,Set,,,,,,,,TradeId,string,1400311619265635959,494
2021-11-01T14:00:31.1696000Z,FLD,0,Set,,,,,,,,TradePrice,double,59.59,495
2021-11-01T14:00:31.1696000Z,FLD,0,Set,,,,,,,,TradeSize,long,59,495
2021-11-01T14:00:31.1696000Z,FLD,0,Set,,,,,,,,TradingCondition,string,0,495
2021-11-01T14:00:31.1696000Z,FLD,0,Set,,,,,,,,TradeId,string,1400311619265635959,495
2021-11-01T14:00:31.1696000Z,FLD,0,Set,,,,,,,,TradePrice,double,59.59,496
2021-11-01T14:00:31.1696000Z,FLD,0,Set,,,,,,,,TradeSize,long,65,496
2021-11-01T14:00:31.1696000Z,FLD,0,Set,,,,,,,,TradingCondition,string,0,496
2021-11-01T14:00:31.1696000Z,FLD,0,Set,,,,,,,,TradeId,string,1400311620527655959,496
2021-11-01T14:00:31.1696000Z,FLD,0,Set,,,,,,,,TradePrice,double,59.59,497
2021-11-01T14:00:31.1696000Z,FLD,0,Set,,,,,,,,TradeSize,long,177,497
2021-11-01T14:00:31.1696000Z,FLD,0,Set,,,,,,,,TradingCondition,string,0,497
2021-11-01T14:00:31.1696000Z,FLD,0,Set,,,,,,,,TradeId,string,1400311620527655959,497
2021-11-01T14:00:31.1696000Z,FLD,0,Set,,,,,,,,TradePrice,double,59.58,498
2021-11-01T14:00:31.1696000Z,FLD,0,Set,,,,,,,,TradeSize,long,25,498
2021-11-01T14:00:31.1696000Z,FLD,0,Set,,,,,,,,TradingCondition,string,0,498
2021-11-01T14:00:31.1696000Z,FLD,0,Set,,,,,,,,TradeId,string,1400311631587335958,498
2021-11-01T14:00:31.1751000Z,FLD,0,Set,,,,,,,,TradePrice,double,59.58,499
2021-11-01T14:00:31.1751000Z,FLD,0,Set,,,,,,,,TradeSize,long,95,499
2021-11-01T14:00:31.1751000Z,FLD,0,Set,,,,,,,,TradingCondition,string,0,499
2021-11-01T14:00:31.1751000Z,FLD,0,Set,,,,,,,,TradeId,string,1400311631587335958,499
2021-11-01T14:00:31.2090000Z,MBO,1,Set,Bid,59.55,135,,1635775231164641388,0,,,,,500
2021-11-01T14:00:31.2090000Z,MBO,1,Set,Bid,59.47,195,,1635775231166028211,0,,,,,501
2021-11-01T14:00:31.2090000Z,MBO,1,Set,Ask,59.74,195,,1635775231166035457,0,,,,,502
2021-11-01T14:00:31.2090000Z,MBO,1,Set,Bid,59.57,123,,1635775231166148140,0,,,,,503
2021-11-01T14:00:31.2090000Z,MBO,1,Set,Ask,59.6,123,,1635775231166165378,0,,,,,504
2021-11-01T14:00:31.2090000Z,MBO,1,Set,Bid,59.57,51,,1635775231166202180,0,,,,,505
2021-11-01T14:00:31.2090000Z,MBO,1,Clear,Ask,,,,1635775183307921192,,,,,,506
2021-11-01T14:00:31.2090000Z,MBO,1,Clear,Bid,,,,1635775195319040379,,,,,,507
2021-11-01T14:00:31.2090000Z,MBO,1,Set,Bid,59.52,84,,1635775231168382910,0,,,,,508
2021-11-01T14:00:31.2090000Z,MBO,1,Set,Ask,59.61,92,,1635775231169670974,0,,,,,509
2021-11-01T14:00:31.2090000Z,MBO,1,Set,Bid,59.48,195,,1635775231176027054,0,,,,,510
2021-11-01T14:00:31.2090000Z,MBO,1,Set,Ask,59.73,195,,1635775231176033983,0,,,,,511
2021-11-01T14:00:31.2090000Z,MBO,1,Clear,Ask,,,,1635775231162161394,,,,,,512
2021-11-01T14:00:31.2090000Z,MBO,1,Set,Bid,59.49,195,,1635775231178012816,0,,,,,513
2021-11-01T14:00:31.2090000Z,MBO,1,Set,Ask,59.72,195,,1635775231178019001,0,,,,,514
2021-11-01T14:00:31.2090000Z,MBO,1,Set,Bid,59.5,195,,1635775231178715170,0,,,,,515
2021-11-01T14:00:31.2090000Z,MBO,1,Set,Ask,59.71,195,,1635775231178720990,0,,,,,516
2021-11-01T14:00:31.2090000Z,MBO,1,Clear,Ask,,,,1635775231162245716,,,,,,517
2021-11-01T14:00:31.2090000Z,MBO,1,Set,Bid,59.51,195,,1635775231186033272,0,,,,,518
2021-11-01T14:00:31.2090000Z,MBO,1,Set,Ask,59.7,195,,1635775231186040027,0,,,,,519
2021-11-01T14:00:31.2090000Z,MBO,1,Set,Ask,59.62,101,,1635775231186456603,0,,,,,520
2021-11-01T14:00:31.2090000Z,MBO,1,Set,Bid,59.52,195,,1635775231186495915,0,,,,,521
2021-11-01T14:00:31.2090000Z,MBO,1,Set,Ask,59.69,195,,1635775231186502617,0,,,,,522
2021-11-01T14:00:31.2090000Z,MBO,1,Set,Ask,59.61,76,,1635775231191439636,0,,,,,523
2021-11-01T14:00:31.2090000Z,MBO,1,Set,Bid,59.53,195,,1635775231191479824,0,,,,,524
2021-11-01T14:00:31.2090000Z,MBO,1,Set,Ask,59.68,195,,1635775231191485477,0,,,,,525
2021-11-01T14:00:31.2090000Z,MBO,1,Set,Bid,59.54,195,,1635775231191709281,0,,,,,526
2021-11-01T14:00:31.2090000Z,MBO,1,Set,Ask,59.67,195,,1635775231191715394,0,,,,,527
2021-11-01T14:00:31.2090000Z,MBO,1,Set,Bid,59.55,135,,1635775231192269998,0,,,,,528
2021-11-01T14:00:31.2090000Z,MBO,1,Set,Bid,59.55,195,,1635775231192308516,0,,,,,529
2021-11-01T14:00:31.2090000Z,MBO,1,Set,Ask,59.66,195,,1635775231192314563,0,,,,,530
2021-11-01T14:00:31.2497000Z,MBO,1,Clear,Bid,,,,1635775231166202180,,,,,,531
2021-11-01T14:00:31.2497000Z,MBO,1,Set,Bid,59.57,51,,1635775231217301940,0,,,,,532
2021-11-01T14:00:31.2568000Z,MBO,1,Set,Bid,59.55,215,,1635775231244762272,0,,,,,533
2021-11-01T14:00:31.2721000Z,MBO,1,Set,Bid,59.15,84,,1635775231262336134,0,,,,,534
2021-11-01T14:00:31.2783000Z,MBO,1,Clear,Ask,,,,1635775211988607123,,,,,,535
2021-11-01T14:00:31.2823000Z,MBO,1,Set,Bid,59.48,400,,1635775231275273716,0,,,,,536
2021-11-01T14:00:31.3358000Z,MBO,1,Set,Ask,59.63,101,,1635775231291459094,0,,,,,537
2021-11-01T14:00:31.3358000Z,MBO,1,Set,Ask,59.63,90,,1635775231310146543,0,,,,,538
2021-11-01T14:00:31.3358000Z,MBO,1,Set,Ask,59.98,513,,1635775231310192965,0,,,,,539
2021-11-01T14:00:31.3358000Z,MBO,1,Set,Bid,59.23,513,,1635775231310204258,0,,,,,540
2021-11-01T14:00:31.3530000Z,MBO,1,Clear,Bid,,,,1635775231217301940,,,,,,541
2021-11-01T14:00:31.3530000Z,MBO,1,Set,Bid,59.57,51,,1635775231328450029,0,,,,,542
2021-11-01T14:00:31.4486000Z,MBO,1,Set,Ask,59.69,400,,1635775231401940428,0,,,,,543
2021-11-01T14:00:31.4486000Z,MBO,1,Clear,Ask,,,,1635775216646284495,,,,,,544
2021-11-01T14:00:31.8860000Z,MBO,1,Clear,Ask,,,,1635775222773231547,,,,,,545
2021-11-01T14:00:31.9888000Z,MBO,1,Set,Bid,59.57,35,,1635775231972265787,0,,,,,546
2021-11-01T14:00:31.9940000Z,MBO,1,Clear,Bid,,,,1635775231328450029,,,,,,547
2021-11-01T14:00:31.9940000Z,MBO,1,Set,Bid,59.57,50,,1635775231985847019,0,,,,,548
2021-11-01T14:00:31.9940000Z,MBO,1,Clear,Ask,,,,1635775231162104227,,,,,,549
2021-11-01T14:00:31.9940000Z,MBO,1,Set,Ask,59.6,123,,1635775231166165378,0,,,,,550
2021-11-01T14:00:31.9940000Z,MBO,1,Clear,Bid,,,,1635775231985847019,,,,,,551
2021-11-01T14:00:31.9940000Z,MBO,1,Set,Ask,59.59,125,,1635775231986376788,0,,,,,552
2021-11-01T14:00:31.9940000Z,MBO,1,Set,Ask,59.59,37,,1635775231986807502,0,,,,,553
2021-11-01T14:00:31.9940000Z,MBO,1,Clear,Ask,,,,1635775231162685458,,,,,,554
2021-11-01T14:00:32.0355000Z,MBO,1,Set,Ask,59.6,294,,1635775231998062880,0,,,,,555
2021-11-01T14:00:32.0751000Z,MBO,1,Set,Bid,59.58,35,,1635775232034984219,0,,,,,556
2021-11-01T14:00:32.1597000Z,MBO,1,Set,Bid,59.55,101,,1635775232131473165,0,,,,,557
2021-11-01T14:00:32.1824000Z,MBO,1,Clear,Ask,,,,1635775196349443314,,,,,,558
2021-11-01T14:00:32.2027000Z,MBO,1,Set,Bid,59.56,195,,1635775232186565163,0,,,,,559
2021-11-01T14:00:32.2027000Z,MBO,1,Set,Ask,59.65,195,,1635775232186570784,0,,,,,560
2021-11-01T14:00:32.2027000Z,MBO,1,Set,Bid,59.57,195,,1635775232187608383,0,,,,,561
2021-11-01T14:00:32.2027000Z,MBO,1,Set,Ask,59.64,195,,1635775232187612642,0,,,,,562
2021-11-01T14:00:32.2027000Z,MBO,1,Set,Ask,59.63,195,,1635775232188652319,0,,,,,563
2021-11-01T14:00:32.2499000Z,MBO,1,Set,Ask,59.61,139,,1635775232219935493,0,,,,,564
2021-11-01T14:00:32.2499000Z,MBO,1,Set,Ask,59.62,195,,1635775232219979163,0,,,,,565
2021-11-01T14:00:32.2899000Z,MBO,1,Set,Ask,59.61,195,,1635775232241637437,0,,,,,566
2021-11-01T14:00:32.2899000Z,MBO,1,Set,Ask,59.6,195,,1635775232242669578,0,,,,,567
2021-11-01T14:00:32.3456000Z,MBO,1,Clear,Bid,,,,1635775231972265787,,,,,,568
2021-11-01T14:00:32.3456000Z,MBO,1,Clear,Bid,,,,1635775182040301132,,,,,,569
2021-11-01T14:00:32.3456000Z,MBO,1,Set,Bid,59.58,3,,1635775232034984219,0,,,,,570
2021-11-01T14:00:32.3456000Z,MBO,1,Set,Bid,59.56,111,,1635775232334320777,0,,,,,571
2021-11-01T14:00:32.3456000Z,MBO,1,Set,Ask,59.59,111,,1635775232334334356,0,,,,,572
2021-11-01T14:00:32.3456000Z,FLD,0,Set,,,,,,,,TradePrice,double,59.58,573
2021-11-01T14:00:32.3456000Z,FLD,0,Set,,,,,,,,TradeSize,long,32,573
2021-11-01T14:00:32.3456000Z,FLD,0,Set,,,,,,,,TradingCondition,string,0,573
2021-11-01T14:00:32.3456000Z,FLD,0,Set,,,,,,,,TradeId,string,1400323342491325958,573
2021-11-01T14:00:32.4140000Z,MBO,1,Clear,Bid,,,,1635775231166148140,,,,,,574
2021-11-01T14:00:32.4179000Z,MBO,1,Clear,Bid,,,,1635775178504331795,,,,,,575
2021-11-01T14:00:32.6256000Z,MBO,1,Clear,Bid,,,,1635775232034984219,,,,,,576
2021-11-01T14:00:32.6256000Z,MBO,1,Set,Bid,59.57,100,,1635775183077533396,0,,,,,577
2021-11-01T14:00:32.6256000Z,MBO,1,Clear,Bid,,,,1635775232131473165,,,,,,578
2021-11-01T14:00:32.6256000Z,MBO,1,Clear,Bid,,,,1635775232187608383,,,,,,579
2021-11-01T14:00:32.6256000Z,MBO,1,Set,Bid,59.57,35,,1635775232587031022,0,,,,,580
2021-11-01T14:00:32.6256000Z,MBO,1,Clear,Bid,,,,1635775183077533396,,,,,,581
2021-11-01T14:00:32.6256000Z,MBO,1,Set,Bid,59.57,291,,1635775231162429327,0,,,,,582
2021-11-01T14:00:32.6256000Z,MBO,1,Clear,Bid,,,,1635775232587031022,,,,,,583
2021-11-01T14:00:32.6256000Z,MBO,1,Set,Ask,59.59,35,,1635775232587809450,0,,,,,584
2021-11-01T14:00:32.6256000Z,MBO,1,Set,Ask,59.59,321,,1635775232590250225,0,,,,,585
2021-11-01T14:00:32.6256000Z,MBO,1,Clear,Bid,,,,1635775178486245704,,,,,,586
2021-11-01T14:00:32.6256000Z,MBO,1,Clear,Bid,,,,1635775231162429327,,,,,,587
2021-11-01T14:00:32.6256000Z,MBO,1,Set,Bid,59.56,195,,1635775232186565163,0,,,,,588
2021-11-01T14:00:32.6256000Z,MBO,1,Set,Ask,59.58,37,,1635775232611497210,0,,,,,589
2021-11-01T14:00:32.6256000Z,MBO,1,Set,Bid,59.56,47,,1635775232611524816,0,,,,,590
2021-11-01T14:00:32.6256000Z,MBO,1,Clear,Bid,,,,1635775231192269998,,,,,,591
2021-11-01T14:00:32.6256000Z,MBO,1,Clear,Bid,,,,1635775178580848918,,,,,,592
2021-11-01T14:00:32.6256000Z,MBO,1,Set,Ask,59.57,125,,1635775232611545067,0,,,,,593
2021-11-01T14:00:32.6256000Z,MBO,1,Clear,Ask,,,,1635775232587809450,,,,,,594
2021-11-01T14:00:32.6256000Z,MBO,1,Clear,Bid,,,,1635775231164641388,,,,,,595
2021-11-01T14:00:32.6256000Z,MBO,1,Set,Ask,59.62,90,,1635775232611588054,0,,,,,596
2021-11-01T14:00:32.6256000Z,MBO,1,Clear,Bid,,,,1635775231244762272,,,,,,597
2021-11-01T14:00:32.6256000Z,MBO,1,Set,Bid,59.55,111,,1635775232611602823,0,,,,,598
2021-11-01T14:00:32.6256000Z,MBO,1,Set,Ask,59.61,84,,1635775232611614864,0,,,,,599
2021-11-01T14:00:32.6256000Z,MBO,1,Set,Ask,59.58,111,,1635775232611621483,0,,,,,600
2021-11-01T14:00:32.6256000Z,MBO,1,Clear,Bid,,,,1635775232186565163,,,,,,601
2021-11-01T14:00:32.6256000Z,MBO,1,Set,Bid,59.56,111,,1635775232334320777,0,,,,,602
2021-11-01T14:00:32.6256000Z,MBO,1,Clear,Ask,,,,1635775231986807502,,,,,,603
2021-11-01T14:00:32.6256000Z,MBO,1,Clear,Bid,,,,1635775183078192488,,,,,,604
2021-11-01T14:00:32.6256000Z,MBO,1,Clear,Ask,,,,1635775232611497210,,,,,,605
2021-11-01T14:00:32.6256000Z,MBO,1,Set,Bid,59.25,167,,1635775232612353977,0,,,,,606
2021-11-01T14:00:32.6256000Z,MBO,1,Clear,Ask,,,,1635775219509004823,,,,,,607
2021-11-01T14:00:32.6256000Z,MBO,1,Clear,Bid,,,,1635775232611524816,,,,,,608
2021-11-01T14:00:32.6256000Z,MBO,1,Clear,Bid,,,,1635775229062411825,,,,,,609
2021-11-01T14:00:32.6256000Z,MBO,1,Set,Ask,59.89,167,,1635775232613354042,0,,,,,610
2021-11-01T14:00:32.6256000Z,MBO,1,Clear,Ask,,,,1635775231164383992,,,,,,611
2021-11-01T14:00:32.6256000Z,MBO,1,Set,Ask,60.76,177,,1635775232613646055,0,,,,,612
2021-11-01T14:00:32.6256000Z,MBO,1,Clear,Ask,,,,1635775231163650744,,,,,,613
2021-11-01T14:00:32.6256000Z,MBO,1,Set,Ask,60.76,177,,1635775232614699409,0,,,,,614
2021-11-01T14:00:32.6256000Z,MBO,1,Clear,Bid,,,,1635775216289773836,,,,,,615
2021-11-01T14:00:32.6256000Z,MBO,1,Clear,Ask,,,,1635775215282772964,,,,,,616
2021-11-01T14:00:32.6256000Z,FLD,0,Set,,,,,,,,TradePrice,double,59.58,617
2021-11-01T14:00:32.6256000Z,FLD,0,Set,,,,,,,,TradeSize,long,3,617
2021-11-01T14:00:32.6256000Z,FLD,0,Set,,,,,,,,TradingCondition,string,0,617
2021-11-01T14:00:32.6256000Z,FLD,0,Set,,,,,,,,TradeId,string,1400325869377415958,617
2021-11-01T14:00:32.6289000Z,FLD,0,Set,,,,,,,,TradePrice,double,59.57,618
2021-11-01T14:00:32.6289000Z,FLD,0,Set,,,,,,,,TradeSize,long,291,618
2021-11-01T14:00:32.6289000Z,FLD,0,Set,,,,,,,,TradingCondition,string,0,618
2021-11-01T14:00:32.6289000Z,FLD,0,Set,,,,,,,,TradeId,string,1400326114340205957,618
2021-11-01T14:00:32.6746000Z,MBO,1,Set,Bid,59.54,139,,1635775232621960553,0,,,,,619
2021-11-01T14:00:32.6746000Z,MBO,1,Clear,Bid,,,,1635775205601934793,,,,,,620
2021-11-01T14:00:32.6746000Z,MBO,1,Clear,Ask,,,,1635775211761235265,,,,,,621
2021-11-01T14:00:32.6746000Z,MBO,1,Set,Ask,59.6,101,,1635775232656488011,0,,,,,622
2021-11-01T14:00:32.6746000Z,MBO,1,Set,Bid,59.54,136,,1635775232657870435,0,,,,,623
2021-11-01T14:00:32.7147000Z,MBO,1,Clear,Ask,,,,1635775140533490066,,,,,,624
2021-11-01T14:00:32.7147000Z,MBO,1,Set,Bid,59.56,47,,1635775232694941137,0,,,,,625
2021-11-01T14:00:32.7147000Z,MBO,1,Set,Bid,59.56,10,,1635775232695340514,0,,,,,626
2021-11-01T14:00:32.7147000Z,MBO,1,Set,Bid,59.54,217,,1635775232695598349,0,,,,,627
2021-11-01T14:00:32.7147000Z,MBO,1,Clear,Ask,,,,1635775232611545067,,,,,,628
2021-11-01T14:00:32.7147000Z,MBO,1,Set,Ask,59.58,111,,1635775232611621483,0,,,,,629
2021-11-01T14:00:32.7147000Z,MBO,1,Clear,Ask,,,,1635775232656488011,,,,,,630
2021-11-01T14:00:32.7147000Z,MBO,1,Set,Bid,59.53,84,,1635775232695717479,0,,,,,631
2021-11-01T14:00:32.7147000Z,MBO,1,Clear,Ask,,,,1635775232611621483,,,,,,632
2021-11-01T14:00:32.7147000Z,MBO,1,Set,Ask,59.59,125,,1635775231986376788,0,,,,,633
2021-11-01T14:00:32.7147000Z,MBO,1,Set,Bid,59.52,440,,1635775232695743227,0,,,,,634
2021-11-01T14:00:32.7147000Z,MBO,1,Set,Ask,59.58,125,,1635775232695748655,0,,,,,635
2021-11-01T14:00:32.7147000Z,MBO,1,Set,Bid,59.56,46,,1635775232695775121,0,,,,,636
2021-11-01T14:00:32.7147000Z,MBO,1,Set,Bid,59.56,125,,1635775232695801619,0,,,,,637
2021-11-01T14:00:32.7147000Z,MBO,1,Set,Bid,59.56,100,,1635775232695825205,0,,,,,638
2021-11-01T14:00:32.7147000Z,MBO,1,Clear,Bid,,,,1635775232695775121,,,,,,639
2021-11-01T14:00:32.7147000Z,FLD,0,Set,,,,,,,,TradePrice,double,59.57,640
2021-11-01T14:00:32.7147000Z,FLD,0,Set,,,,,,,,TradeSize,long,125,640
2021-11-01T14:00:32.7147000Z,FLD,0,Set,,,,,,,,TradingCondition,string,0,640
2021-11-01T14:00:32.7147000Z,FLD,0,Set,,,,,,,,TradeId,string,1400326956518995957,640
2021-11-01T14:00:32.7721000Z,MBO,1,Set,Ask,59.61,101,,1635775232761481105,0,,,,,641
2021-11-01T14:00:32.9134000Z,MBO,1,Clear,Ask,,,,1635775178605226906,,,,,,642
2021-11-01T14:00:33.0048000Z,MBO,1,Set,Ask,59.59,298,,1635775232994110903,0,,,,,643
2021-11-01T14:00:33.0048000Z,MBO,1,Set,Ask,59.58,105,,1635775232994158612,0,,,,,644
2021-11-01T14:00:33.1533000Z,MBO,1,Set,Bid,59.56,195,,1635775233126027093,0,,,,,645
2021-11-01T14:00:33.1533000Z,MBO,1,Set,Ask,59.59,195,,1635775233126034516,0,,,,,646
2021-11-01T14:00:33.1533000Z,MBO,1,Clear,Bid,,,,1635775232695340514,,,,,,647
2021-11-01T14:00:33.1533000Z,MBO,1,Clear,Bid,,,,1635775232694941137,,,,,,648
2021-11-01T14:00:33.1533000Z,MBO,1,Clear,Bid,,,,1635775233126027093,,,,,,649
2021-11-01T14:00:33.1533000Z,MBO,1,Clear,Bid,,,,1635775232695825205,,,,,,650
2021-11-01T14:00:33.1533000Z,MBO,1,Clear,Bid,,,,1635775232695717479,,,,,,651
2021-11-01T14:00:33.1533000Z,MBO,1,Clear,Bid,,,,1635775232695801619,,,,,,652
2021-11-01T14:00:33.1590000Z,MBO,1,Clear,Bid,,,,1635775232334320777,,,,,,653
2021-11-01T14:00:33.1590000Z,MBO,1,Set,Bid,59.55,289,,1635775151097353892,0,,,,,654
2021-11-01T14:00:33.1590000Z,MBO,1,Clear,Bid,,,,1635775168522798241,,,,,,655
2021-11-01T14:00:33.1590000Z,MBO,1,Set,Bid,59.55,46,,1635775233147244560,0,,,,,656
2021-11-01T14:00:33.1590000Z,MBO,1,Clear,Bid,,,,1635775232695598349,,,,,,657
2021-11-01T14:00:33.1590000Z,MBO,1,Clear,Bid,,,,1635775078795087194,,,,,,658
2021-11-01T14:00:33.1590000Z,MBO,1,Set,Bid,59.55,25,,1635775233147290729,0,,,,,659
2021-11-01T14:00:33.1590000Z,MBO,1,Set,Bid,59.55,100,,1635775233147299078,0,,,,,660
2021-11-01T14:00:33.1590000Z,MBO,1,Clear,Bid,,,,1635775232621960553,,,,,,661
2021-11-01T14:00:33.1590000Z,MBO,1,Clear,Bid,,,,1635775232657870435,,,,,,662
2021-11-01T14:00:33.1590000Z,MBO,1,Set,Bid,59.55,10,,1635775233147468584,0,,,,,663
2021-11-01T14:00:33.1590000Z,MBO,1,Clear,Bid,,,,1635775180883008544,,,,,,664
2021-11-01T14:00:33.1590000Z,MBO,1,Set,Ask,59.58,501,,1635775233150269334,0,,,,,665
2021-11-01T14:00:33.1590000Z,MBO,1,Set,Ask,59.58,195,,1635775233151179223,0,,,,,666
2021-11-01T14:00:33.1590000Z,FLD,0,Set,,,,,,,,TradePrice,double,59.56,667
2021-11-01T14:00:33.1590000Z,FLD,0,Set,,,,,,,,TradeSize,long,111,667
2021-11-01T14:00:33.1590000Z,FLD,0,Set,,,,,,,,TradingCondition,string,0,667
2021-11-01T14:00:33.1590000Z,FLD,0,Set,,,,,,,,TradeId,string,1400331471559325956,667
2021-11-01T14:00:33.1995000Z,MBO,1,Set,Ask,59.6,101,,1635775233181487613,0,,,,,668
2021-11-01T14:00:33.1995000Z,MBO,1,Set,Bid,59.43,104,,1635775233182054273,0,,,,,669
2021-11-01T14:00:33.2204000Z,MBO,1,Clear,Bid,,,,1635775233147468584,,,,,,670
2021-11-01T14:00:33.2204000Z,MBO,1,Clear,Bid,,,,1635775233147290729,,,,,,671
2021-11-01T14:00:33.2204000Z,MBO,1,Set,Bid,58.36,25,,1635775233210772120,0,,,,,672
2021-11-01T14:00:33.2204000Z,MBO,1,Clear,Bid,,,,1635775233147244560,,,,,,673
2021-11-01T14:00:33.2521000Z,MBO,1,Clear,Bid,,,,1635775231192308516,,,,,,674
2021-11-01T14:00:33.2521000Z,MBO,1,Set,Bid,59.13,84,,1635775233244300462,0,,,,,675
2021-11-01T14:00:33.2521000Z,MBO,1,Set,Bid,59.55,47,,1635775233245453743,0,,,,,676
2021-11-01T14:00:33.2521000Z,MBO,1,Clear,Bid,,,,1635775233245453743,,,,,,677
2021-11-01T14:00:33.2609000Z,MBO,1,Set,Ask,59.58,35,,1635775233248037224,0,,,,,678
2021-11-01T14:00:33.2609000Z,MBO,1,Set,Ask,59.61,90,,1635775233248049341,0,,,,,679
2021-11-01T14:00:33.2609000Z,MBO,1,Set,Bid,59.51,440,,1635775233248061231,0,,,,,680
2021-11-01T14:00:33.2811000Z,MBO,1,Set,Bid,59.55,195,,1635775233271027578,0,,,,,681
2021-11-01T14:00:33.2811000Z,MBO,1,Set,Ask,59.58,91,,1635775233275694320,0,,,,,682
2021-11-01T14:00:33.3453000Z,MBO,1,Set,Bid,59.55,47,,1635775233317625520,0,,,,,683
2021-11-01T14:00:33.6601000Z,MBO,1,Clear,Bid,,,,1635775233317625520,,,,,,684
2021-11-01T14:00:33.6601000Z,MBO,1,Set,Bid,59.5,215,,1635775233626620368,0,,,,,685
2021-11-01T14:00:33.6601000Z,MBO,1,Set,Bid,59.53,165,,1635775233627144631,0,,,,,686
2021-11-01T14:00:33.7005000Z,MBO,1,Set,Bid,59.53,170,,1635775233668973596,0,,,,,687
2021-11-01T14:00:33.7005000Z,MBO,1,Clear,Ask,,,,1635775183078476138,,,,,,688
2021-11-01T14:00:33.7005000Z,MBO,1,Set,Bid,59.49,1137,,1635775233670097307,0,,,,,689
2021-11-01T14:00:33.7255000Z,MBO,1,Set,Ask,59.6,176,,1635775233719615008,0,,,,,690
2021-11-01T14:00:33.7255000Z,MBO,1,Set,Ask,59.65,1143,,1635775233721004402,0,,,,,691
2021-11-01T14:00:33.7785000Z,MBO,1,Set,Bid,59.53,237,,1635775233733596133,0,,,,,692
2021-11-01T14:00:33.7785000Z,MBO,1,Clear,Ask,,,,1635775183130699177,,,,,,693
2021-11-01T14:00:33.8581000Z,MBO,1,Set,Ask,59.6,239,,1635775233836541546,0,,,,,694
2021-11-01T14:00:34.0051000Z,MBO,1,Set,Ask,59.61,316,,1635775234000450314,0,,,,,695
2021-11-01T14:00:34.0051000Z,MBO,1,Set,Ask,59.7,104,,1635775234001020905,0,,,,,696
2021-11-01T14:00:34.0565000Z,MBO,1,Set,Bid,59.55,35,,1635775234002767885,0,,,,,697
2021-11-01T14:00:34.2805000Z,FLD,0,Set,,,,,,,,TradePrice,double,59.57,698
2021-11-01T14:00:34.2805000Z,FLD,0,Set,,,,,,,,TradeSize,long,376,698
2021-11-01T14:00:34.2805000Z,FLD,0,Set,,,,,,,,TradingCondition,string,0,698
2021-11-01T14:00:34.2805000Z,FLD,0,Set,,,,,,,,TradeId,string,1400342577264555957,698
2021-11-01T14:00:34.2814000Z,MBO,1,Set,Bid,59.57,376,,1635775234257673602,0,,,,,699
2021-11-01T14:00:34.2814000Z,MBO,1,Clear,Ask,,,,1635775233181487613,,,,,,700
2021-11-01T14:00:34.2814000Z,MBO,1,Clear,Bid,,,,1635775234257673602,,,,,,701
2021-11-01T14:00:34.2814000Z,MBO,1,Set,Bid,59.55,289,,1635775151097353892,0,,,,,702
2021-11-01T14:00:34.2814000Z,MBO,1,Set,Bid,59.56,98,,1635775234257775195,0,,,,,703
2021-11-01T14:00:34.2814000Z,MBO,1,Clear,Ask,,,,1635775233151179223,,,,,,704
2021-11-01T14:00:34.2814000Z,MBO,1,Set,Bid,59.56,100,,1635775234257786448,0,,,,,705
2021-11-01T14:00:34.2814000Z,MBO,1,Clear,Bid,,,,1635775216006408193,,,,,,706
2021-11-01T14:00:34.2814000Z,MBO,1,Clear,Ask,,,,1635775233248037224,,,,,,707
2021-11-01T14:00:34.2814000Z,MBO,1,Set,Bid,59.56,35,,1635775234258708023,0,,,,,708
2021-11-01T14:00:34.2814000Z,MBO,1,Clear,Bid,,,,1635775234002767885,,,,,,709
2021-11-01T14:00:34.2814000Z,MBO,1,Clear,Bid,,,,1635775234258708023,,,,,,710
2021-11-01T14:00:34.2814000Z,MBO,1,Clear,Bid,,,,1635775234257786448,,,,,,711
2021-11-01T14:00:34.2814000Z,MBO,1,Set,Ask,59.58,195,,1635775234259745617,0,,,,,712
2021-11-01T14:00:34.2814000Z,MBO,1,Clear,Bid,,,,1635775234257775195,,,,,,713
2021-11-01T14:00:34.2814000Z,MBO,1,Set,Bid,59.55,289,,1635775151097353892,0,,,,,714
2021-11-01T14:00:34.2814000Z,MBO,1,Set,Bid,59.55,50,,1635775234259870100,0,,,,,715
2021-11-01T14:00:34.2814000Z,MBO,1,Clear,Bid,,,,1635775234259870100,,,,,,716
2021-11-01T14:00:34.3031000Z,MBO,1,Set,Bid,59.39,120,,1635775234266105959,0,,,,,717
2021-11-01T14:00:34.3031000Z,MBO,1,Set,Ask,59.74,120,,1635775234266133229,0,,,,,718
2021-11-01T14:00:34.3031000Z,MBO,1,Set,Bid,59.29,513,,1635775234266499040,0,,,,,719
2021-11-01T14:00:34.3031000Z,MBO,1,Set,Ask,59.92,513,,1635775234266509066,0,,,,,720
2021-11-01T14:00:34.3031000Z,MBO,1,Set,Ask,59.86,513,,1635775234276498980,0,,,,,721
2021-11-01T14:00:34.3031000Z,MBO,1,Set,Bid,59.35,513,,1635775234276510258,0,,,,,722
2021-11-01T14:00:34.3031000Z,MBO,1,Set,Bid,59.41,513,,1635775234281496302,0,,,,,723
2021-11-01T14:00:34.3031000Z,MBO,1,Set,Ask,59.8,513,,1635775234281503563,0,,,,,724
2021-11-01T14:00:34.3509000Z,MBO,1,Set,Ask,59.6,101,,1635775234336506175,0,,,,,725
2021-11-01T14:00:34.4131000Z,MBO,1,Set,Bid,59.39,269,,1635775234387088578,0,,,,,726
2021-11-01T14:00:34.4131000Z,MBO,1,Set,Ask,59.74,269,,1635775234387111084,0,,,,,727
2021-11-01T14:00:34.4268000Z,MBO,1,Set,Bid,58.64,269,,1635775234404051804,0,,,,,728
2021-11-01T14:00:34.4268000Z,MBO,1,Set,Ask,60.49,269,,1635775234404073949,0,,,,,729
2021-11-01T14:00:34.4268000Z,MBO,1,Set,Bid,57.16,269,,1635775234420002499,0,,,,,730
2021-11-01T14:00:34.4268000Z,MBO,1,Set,Ask,61.97,269,,1635775234420032047,0,,,,,731
2021-11-01T14:00:34.4367000Z,MBO,1,Set,Ask,59.59,304,,1635775234431934393,0,,,,,732
2021-11-01T14:00:34.4479000Z,MBO,1,Set,Bid,59.55,35,,1635775234432001280,0,,,,,733
2021-11-01T14:00:34.7331000Z,MBO,1,Set,Bid,59.55,51,,1635775234722830429,0,,,,,734
2021-11-01T14:00:34.7639000Z,MBO,1,Clear,Bid,,,,1635775234722830429,,,,,,735
2021-11-01T14:00:34.7639000Z,MBO,1,Set,Ask,59.58,35,,1635775234748885530,0,,,,,736
2021-11-01T14:00:34.8066000Z,MBO,1,Set,Bid,59.55,52,,1635775234790345974,0,,,,,737
2021-11-01T14:00:34.8066000Z,MBO,1,Clear,Bid,,,,1635775234790345974,,,,,,738
2021-11-01T14:00:34.8817000Z,MBO,1,Set,Bid,59.55,52,,1635775234844130283,0,,,,,739
2021-11-01T14:00:34.8980000Z,MBO,1,Set,Bid,59.55,10,,1635775234888590070,0,,,,,740
2021-11-01T14:00:34.9796000Z,MBO,1,Clear,Bid,,,,1635775234888590070,,,,,,741
2021-11-01T14:00:35.0198000Z,MBO,1,Set,Ask,59.63,315,,1635775234996167115,0,,,,,742
2021-11-01T14:00:35.1516000Z,MBO,1,Set,Bid,59.55,18,,1635775235125458223,0,,,,,743
2021-11-01T14:00:35.5077000Z,MBO,1,Clear,Bid,,,,1635775235125458223,,,,,,744
2021-11-01T14:00:35.5077000Z,MBO,1,Clear,Bid,,,,1635775234844130283,,,,,,745
2021-11-01T14:00:35.5077000Z,MBO,1,Clear,Bid,,,,1635775233271027578,,,,,,746
2021-11-01T14:00:35.8346000Z,MBO,1,Set,Bid,59.55,56,,1635775235827942114,0,,,,,747
2021-11-01T14:00:35.8713000Z,MBO,1,Set,Bid,59.55,195,,1635775235827986778,0,,,,,748
2021-11-01T14:00:35.8713000Z,MBO,1,Clear,Bid,,,,1635775235827942114,,,,,,749
2021-11-01T14:00:35.8713000Z,MBO,1,Set,Bid,59.55,18,,1635775235841870964,0,,,,,750
2021-11-01T14:00:35.9129000Z,MBO,1,Set,Bid,59.55,56,,1635775235878696795,0,,,,,751
2021-11-01T14:00:36.0009000Z,MBO,1,Clear,Bid,,,,1635775235841870964,,,,,,752
2021-11-01T14:00:36.0009000Z,MBO,1,Clear,Bid,,,,1635775235878696795,,,,,,753
2021-11-01T14:00:36.0009000Z,MBO,1,Clear,Bid,,,,1635775235827986778,,,,,,754
2021-11-01T14:00:36.0009000Z,MBO,1,Clear,Bid,,,,1635775233147299078,,,,,,755
2021-11-01T14:00:36.0697000Z,MBO,1,Clear,Bid,,,,1635775234432001280,,,,,,756
2021-11-01T14:00:36.0697000Z,MBO,1,Clear,Bid,,,,1635775180692264634,,,,,,757
2021-11-01T14:00:36.4471000Z,MBO,1,Set,Bid,59.55,57,,1635775236408009577,0,,,,,758
2021-11-01T14:00:36.4471000Z,MBO,1,Set,Bid,59.55,195,,1635775236408057073,0,,,,,759
2021-11-01T14:00:36.4471000Z,MBO,1,Clear,Bid,,,,1635775236408009577,,,,,,760
2021-11-01T14:00:36.4471000Z,MBO,1,Set,Bid,59.47,513,,1635775236408983371,0,,,,,761
2021-11-01T14:00:36.4471000Z,MBO,1,Set,Bid,59.55,35,,1635775236409003460,0,,,,,762
2021-11-01T14:00:36.4471000Z,MBO,1,Set,Bid,59.55,18,,1635775236413056394,0,,,,,763
2021-11-01T14:00:36.4715000Z,MBO,1,Set,Bid,59.55,57,,1635775236458739869,0,,,,,764
2021-11-01T14:00:36.4715000Z,MBO,1,Set,Ask,59.74,513,,1635775236459708848,0,,,,,765
2021-11-01T14:00:36.8308000Z,MBO,1,Clear,Ask,,,,1635775233248049341,,,,,,766
2021-11-01T14:00:37.0034000Z,MBO,1,Set,Bid,59.55,34,,1635775236993372296,0,,,,,767
2021-11-01T14:00:37.1834000Z,MBO,1,Clear,Bid,,,,1635775236413056394,,,,,,768
2021-11-01T14:00:37.2497000Z,MBO,1,Set,Bid,59.55,18,,1635775237234152435,0,,,,,769
2021-11-01T14:00:37.2978000Z,MBO,1,Clear,Bid,,,,1635775236408057073,,,,,,770
2021-11-01T14:00:37.2978000Z,MBO,1,Clear,Bid,,,,1635775237234152435,,,,,,771
2021-11-01T14:00:37.2978000Z,MBO,1,Clear,Bid,,,,1635775236458739869,,,,,,772
2021-11-01T14:00:37.6057000Z,MBO,1,Set,Bid,59.55,59,,1635775237595867749,0,,,,,773
2021-11-01T14:00:37.6057000Z,MBO,1,Set,Bid,59.55,195,,1635775237595915942,0,,,,,774
2021-11-01T14:00:37.6057000Z,MBO,1,Set,Bid,59.55,18,,1635775237596861792,0,,,,,775
2021-11-01T14:00:37.6057000Z,MBO,1,Set,Ask,59.68,513,,1635775237596888447,0,,,,,776
2021-11-01T14:00:38.6031000Z,MBO,1,Clear,Bid,,,,1635775237596861792,,,,,,777
2021-11-01T14:00:38.6031000Z,MBO,1,Clear,Bid,,,,1635775237595867749,,,,,,778
2021-11-01T14:00:38.8824000Z,FLD,0,Set,,,,,,,,TradePrice,double,59.55,779
2021-11-01T14:00:38.8824000Z,FLD,0,Set,,,,,,,,TradeSize,long,289,779
2021-11-01T14:00:38.8824000Z,FLD,0,Set,,,,,,,,TradingCondition,string,0,779
2021-11-01T14:00:38.8824000Z,FLD,0,Set,,,,,,,,TradeId,string,1400388716948805955,779
2021-11-01T14:00:38.8824000Z,FLD,0,Set,,,,,,,,TradePrice,double,59.55,780
2021-11-01T14:00:38.8824000Z,FLD,0,Set,,,,,,,,TradeSize,long,35,780
2021-11-01T14:00:38.8824000Z,FLD,0,Set,,,,,,,,TradingCondition,string,0,780
2021-11-01T14:00:38.8824000Z,FLD,0,Set,,,,,,,,TradeId,string,1400388716948805955,780
2021-11-01T14:00:38.8824000Z,FLD,0,Set,,,,,,,,TradePrice,double,59.55,781
2021-11-01T14:00:38.8824000Z,FLD,0,Set,,,,,,,,TradeSize,long,34,781
2021-11-01T14:00:38.8824000Z,FLD,0,Set,,,,,,,,TradingCondition,string,0,781
2021-11-01T14:00:38.8824000Z,FLD,0,Set,,,,,,,,TradeId,string,1400388716948805955,781
2021-11-01T14:00:38.8824000Z,FLD,0,Set,,,,,,,,TradePrice,double,59.55,782
2021-11-01T14:00:38.8824000Z,FLD,0,Set,,,,,,,,TradeSize,long,195,782
2021-11-01T14:00:38.8824000Z,FLD,0,Set,,,,,,,,TradingCondition,string,0,782
2021-11-01T14:00:38.8824000Z,FLD,0,Set,,,,,,,,TradeId,string,1400388716948805955,782
2021-11-01T14:00:38.8840000Z,MBO,1,Clear,Bid,,,,1635775232611602823,,,,,,783
2021-11-01T14:00:38.8840000Z,MBO,1,Set,Bid,59.53,116,,1635775238871687269,0,,,,,784
2021-11-01T14:00:38.8840000Z,MBO,1,Clear,Bid,,,,1635775151097353892,,,,,,785
2021-11-01T14:00:38.8840000Z,MBO,1,Set,Bid,59.55,35,,1635775236409003460,0,,,,,786
2021-11-01T14:00:38.8840000Z,MBO,1,Clear,Bid,,,,1635775236409003460,,,,,,787
2021-11-01T14:00:38.8840000Z,MBO,1,Set,Bid,59.55,34,,1635775236993372296,0,,,,,788
2021-11-01T14:00:38.8840000Z,MBO,1,Clear,Bid,,,,1635775236993372296,,,,,,789
2021-11-01T14:00:38.8840000Z,MBO,1,Set,Bid,59.55,195,,1635775237595915942,0,,,,,790
2021-11-01T14:00:38.8840000Z,MBO,1,Clear,Bid,,,,1635775237595915942,,,,,,791
2021-11-01T14:00:38.8840000Z,MBO,1,Set,Bid,59.54,195,,1635775231191709281,0,,,,,792
2021-11-01T14:00:38.8840000Z,MBO,1,Set,Ask,59.57,116,,1635775238871799806,0,,,,,793
2021-11-01T14:00:38.8840000Z,MBO,1,Set,Bid,59.54,116,,1635775238871810304,0,,,,,794
2021-11-01T14:00:38.8840000Z,MBO,1,Set,Ask,59.57,53,,1635775238871845264,0,,,,,795
2021-11-01T14:00:38.8840000Z,MBO,1,Set,Ask,59.56,125,,1635775238871869493,0,,,,,796
2021-11-01T14:00:38.8840000Z,MBO,1,Set,Ask,59.57,195,,1635775238871880982,0,,,,,797
2021-11-01T14:00:38.8840000Z,MBO,1,Clear,Bid,,,,1635775233627144631,,,,,,798
2021-11-01T14:00:38.8840000Z,MBO,1,Set,Ask,59.61,90,,1635775238871903244,0,,,,,799
2021-11-01T14:00:38.8840000Z,MBO,1,Set,Ask,59.56,116,,1635775238871915189,0,,,,,800
2021-11-01T14:00:38.8840000Z,MBO,1,Clear,Bid,,,,1635775168605742827,,,,,,801
2021-11-01T14:00:38.8840000Z,MBO,1,Clear,Bid,,,,1635774724554879261,,,,,,802
2021-11-01T14:00:38.8840000Z,MBO,1,Set,Ask,59.59,84,,1635775238871972758,0,,,,,803
2021-11-01T14:00:38.8840000Z,MBO,1,Clear,Bid,,,,1635775233668973596,,,,,,804
2021-11-01T14:00:38.8840000Z,MBO,1,Clear,Bid,,,,1635775233733596133,,,,,,805
2021-11-01T14:00:38.8840000Z,MBO,1,Set,Bid,59.54,60,,1635775238872036095,0,,,,,806
2021-11-01T14:00:38.8840000Z,MBO,1,Clear,Bid,,,,1635775238872036095,,,,,,807
2021-11-01T14:00:38.8840000Z,MBO,1,Clear,Bid,,,,1635775232612353977,,,,,,808
2021-11-01T14:00:38.8840000Z,MBO,1,Clear,Ask,,,,1635775238871845264,,,,,,809
2021-11-01T14:00:38.8840000Z,MBO,1,Set,Bid,59.23,167,,1635775238872570436,0,,,,,810
2021-11-01T14:00:38.8840000Z,MBO,1,Clear,Bid,,,,1635775233182054273,,,,,,811
2021-11-01T14:00:38.8840000Z,MBO,1,Clear,Bid,,,,1635775231191709281,,,,,,812
2021-11-01T14:00:38.8840000Z,MBO,1,Set,Bid,59.54,116,,1635775238871810304,0,,,,,813
2021-11-01T14:00:38.8840000Z,MBO,1,Clear,Bid,,,,1635775217747903295,,,,,,814
2021-11-01T14:00:38.8840000Z,MBO,1,Set,Bid,59.5,440,,1635775238872873995,0,,,,,815
2021-11-01T14:00:38.8840000Z,MBO,1,Clear,Bid,,,,1635775238871810304,,,,,,816
2021-11-01T14:00:38.8840000Z,MBO,1,Set,Bid,59.53,20,,1635774679157449553,0,,,,,817
2021-11-01T14:00:38.8840000Z,MBO,1,Clear,Bid,,,,1635775147051607199,,,,,,818
2021-11-01T14:00:38.8840000Z,MBO,1,Clear,Bid,,,,1635775233210772120,,,,,,819
2021-11-01T14:00:38.8840000Z,MBO,1,Set,Bid,59.53,25,,1635775238873072768,0,,,,,820
2021-11-01T14:00:38.8840000Z,MBO,1,Set,Bid,59.53,100,,1635775238873136415,0,,,,,821
2021-11-01T14:00:38.8840000Z,MBO,1,Clear,Ask,,,,1635775232614699409,,,,,,822
2021-11-01T14:00:38.8840000Z,MBO,1,Set,Ask,60.75,177,,1635775238873517393,0,,,,,823
2021-11-01T14:00:38.8840000Z,MBO,1,Clear,Ask,,,,1635775232613646055,,,,,,824
2021-11-01T14:00:38.8840000Z,MBO,1,Set,Ask,60.75,177,,1635775238873848180,0,,,,,825
2021-11-01T14:00:38.8840000Z,MBO,1,Set,Ask,59.56,35,,1635775238874101727,0,,,,,826
2021-11-01T14:00:38.8840000Z,MBO,1,Clear,Ask,,,,1635775234748885530,,,,,,827
2021-11-01T14:00:38.8840000Z,MBO,1,Set,Bid,59.53,34,,1635775238875072951,0,,,,,828
2021-11-01T14:00:38.8882000Z,MBO,1,Clear,Bid,,,,1635775231168382910,,,,,,829
2021-11-01T14:00:38.8882000Z,MBO,1,Set,Bid,59.49,84,,1635775238877114597,0,,,,,830
2021-11-01T14:00:38.9307000Z,MBO,1,Set,Ask,59.57,308,,1635775238879413796,0,,,,,831
2021-11-01T14:00:38.9307000Z,MBO,1,Set,Ask,59.57,89,,1635775238880102622,0,,,,,832
2021-11-01T14:00:38.9307000Z,MBO,1,Clear,Ask,,,,1635775230988739552,,,,,,833
2021-11-01T14:00:38.9307000Z,MBO,1,Set,Ask,59.56,321,,1635775238881295884,0,,,,,834
2021-11-01T14:00:38.9307000Z,MBO,1,Set,Ask,59.56,195,,1635775238881341341,0,,,,,835
2021-11-01T14:00:38.9307000Z,MBO,1,Clear,Ask,,,,1635775234266133229,,,,,,836
2021-11-01T14:00:38.9307000Z,MBO,1,Set,Ask,59.72,120,,1635775238882987046,0,,,,,837
2021-11-01T14:00:38.9307000Z,MBO,1,Clear,Ask,,,,1635775234387111084,,,,,,838
2021-11-01T14:00:38.9307000Z,MBO,1,Set,Ask,59.72,269,,1635775238885010835,0,,,,,839
2021-11-01T14:00:38.9307000Z,MBO,1,Clear,Ask,,,,1635775234404073949,,,,,,840
2021-11-01T14:00:38.9307000Z,MBO,1,Set,Ask,60.47,269,,1635775238885455401,0,,,,,841
2021-11-01T14:00:38.9307000Z,MBO,1,Clear,Ask,,,,1635775234420032047,,,,,,842
2021-11-01T14:00:38.9307000Z,MBO,1,Set,Ask,61.95,269,,1635775238885870333,0,,,,,843
2021-11-01T14:00:38.9307000Z,MBO,1,Clear,Bid,,,,1635775232695743227,,,,,,844
2021-11-01T14:00:38.9307000Z,MBO,1,Set,Bid,59.51,244,,1635775238900707632,0,,,,,845
2021-11-01T14:00:38.9307000Z,MBO,1,Set,Bid,59.51,149,,1635775238903132177,0,,,,,846
2021-11-01T14:00:38.9685000Z,MBO,1,Clear,Bid,,,,1635775238873072768,,,,,,847
2021-11-01T14:00:38.9685000Z,MBO,1,Set,Bid,58.34,25,,1635775238922250812,0,,,,,848
2021-11-01T14:00:38.9685000Z,MBO,1,Set,Bid,59.51,146,,1635775238922271812,0,,,,,849
2021-11-01T14:00:38.9685000Z,MBO,1,Clear,Ask,,,,1635774753535320557,,,,,,850
2021-11-01T14:00:38.9685000Z,MBO,1,Set,Bid,59.36,101,,1635775238956570033,0,,,,,851
2021-11-01T14:00:38.9685000Z,MBO,1,Set,Ask,59.58,101,,1635775238956578932,0,,,,,852
2021-11-01T14:00:38.9875000Z,MBO,1,Set,Bid,59.11,84,,1635775238973036269,0,,,,,853
2021-11-01T14:00:38.9972000Z,MBO,1,Set,Bid,59.53,60,,1635775238985148563,0,,,,,854
2021-11-01T14:00:38.9972000Z,MBO,1,Set,Ask,59.6,90,,1635775238985221346,0,,,,,855
2021-11-01T14:00:39.0164000Z,MBO,1,Set,Bid,59.53,18,,1635775239010430643,0,,,,,856
2021-11-01T14:00:39.0164000Z,MBO,1,Set,Bid,59.49,440,,1635775239010481068,0,,,,,857
2021-11-01T14:00:39.0565000Z,MBO,1,Clear,Bid,,,,1635775239010430643,,,,,,858
2021-11-01T14:00:39.0952000Z,MBO,1,Clear,Ask,,,,1635774681714237297,,,,,,859
2021-11-01T14:00:39.0952000Z,MBO,1,Set,Bid,59.35,101,,1635775239061571153,0,,,,,860
2021-11-01T14:00:39.0952000Z,MBO,1,Set,Ask,59.59,101,,1635775239061584230,0,,,,,861
2021-11-01T14:00:39.1749000Z,MBO,1,Clear,Bid,,,,1635775238985148563,,,,,,862
2021-11-01T14:00:39.1749000Z,MBO,1,Clear,Bid,,,,1635774866622083639,,,,,,863
2021-11-01T14:00:39.1749000Z,MBO,1,Clear,Ask,,,,1635775148566110713,,,,,,864
2021-11-01T14:00:39.1749000Z,MBO,1,Set,Ask,59.81,176,,1635775239122894352,0,,,,,865
2021-11-01T14:00:39.1749000Z,MBO,1,Clear,Ask,,,,1635775216746522146,,,,,,866
2021-11-01T14:00:39.1749000Z,MBO,1,Clear,Ask,,,,1635775239122894352,,,,,,867
2021-11-01T14:00:39.1749000Z,MBO,1,Set,Ask,59.8,176,,1635775239123879430,0,,,,,868
2021-11-01T14:00:39.2374000Z,MBO,1,Set,Bid,59.53,18,,1635775239228340048,0,,,,,869
2021-11-01T14:00:39.2374000Z,MBO,1,Set,Bid,59.53,60,,1635775239228354064,0,,,,,870
2021-11-01T14:00:39.4889000Z,MBO,1,Clear,Bid,,,,1635775239228340048,,,,,,871
2021-11-01T14:00:39.5858000Z,MBO,1,Clear,Bid,,,,1635775239228354064,,,,,,872
2021-11-01T14:00:39.6411000Z,MBO,1,Set,Bid,59.53,61,,1635775239633390820,0,,,,,873
2021-11-01T14:00:39.7167000Z,MBO,1,Set,Bid,59.53,18,,1635775239703030265,0,,,,,874
2021-11-01T14:00:39.8871000Z,MBO,1,Clear,Bid,,,,1635775239703030265,,,,,,875
2021-11-01T14:00:39.8871000Z,MBO,1,Set,Ask,59.56,98,,1635775239872263440,0,,,,,876
2021-11-01T14:00:39.8871000Z,MBO,1,Set,Bid,59.51,84,,1635775239872318834,0,,,,,877
2021-11-01T14:00:39.8871000Z,MBO,1,Clear,Bid,,,,1635775238973036269,,,,,,878
2021-11-01T14:00:39.9239000Z,MBO,1,Set,Ask,59.56,89,,1635775239880492244,0,,,,,879
2021-11-01T14:00:39.9239000Z,MBO,1,Set,Ask,59.58,326,,1635775239881400010,0,,,,,880
2021-11-01T14:00:39.9239000Z,MBO,1,Clear,Ask,,,,1635774756702750967,,,,,,881
2021-11-01T14:00:39.9239000Z,MBO,1,Clear,Ask,,,,1635775232219935493,,,,,,882
2021-11-01T14:00:39.9459000Z,MBO,1,Clear,Ask,,,,1635775233719615008,,,,,,883
2021-11-01T14:00:39.9459000Z,MBO,1,Clear,Ask,,,,1635775233836541546,,,,,,884
2021-11-01T14:00:39.9753000Z,MBO,1,Set,Ask,59.58,180,,1635775239958459357,0,,,,,885
2021-11-01T14:00:40.0266000Z,MBO,1,Set,Ask,59.58,181,,1635775239983317521,0,,,,,886
2021-11-01T14:00:40.0266000Z,MBO,1,Set,Ask,59.65,85,,1635775239998144355,0,,,,,887
2021-11-01T14:00:40.0266000Z,MBO,1,Clear,Bid,,,,1635775239872318834,,,,,,888
2021-11-01T14:00:40.0663000Z,MBO,1,Set,Ask,59.58,215,,1635775240040011227,0,,,,,889
2021-11-01T14:00:40.1177000Z,MBO,1,Set,Bid,59.11,84,,1635775240098277600,0,,,,,890
2021-11-01T14:00:40.3184000Z,MBO,1,Set,Bid,59.41,2113,,1635775240282167077,0,,,,,891
2021-11-01T14:00:40.3184000Z,MBO,1,Clear,Bid,,,,1635775239633390820,,,,,,892
2021-11-01T14:00:40.3184000Z,MBO,1,Set,Bid,59.53,61,,1635775240308536727,0,,,,,893
2021-11-01T14:00:40.5153000Z,MBO,1,Clear,Ask,,,,1635775234431934393,,,,,,894
2021-11-01T14:00:40.5153000Z,MBO,1,Set,Ask,59.57,311,,1635775240477002449,0,,,,,895
2021-11-01T14:00:40.6490000Z,MBO,1,Clear,Ask,,,,1635774759051413706,,,,,,896
2021-11-01T14:00:40.7062000Z,MBO,1,Set,Bid,59.54,62,,1635775240692672164,0,,,,,897
2021-11-01T14:00:40.7062000Z,MBO,1,Clear,Ask,,,,1635775238956578932,,,,,,898
2021-11-01T14:00:40.7062000Z,MBO,1,Clear,Ask,,,,1635775238881341341,,,,,,899
2021-11-01T14:00:40.8899000Z,FLD,0,Set,,,,,,,,TradePrice,double,59.54,900
2021-11-01T14:00:40.8899000Z,FLD,0,Set,,,,,,,,TradeSize,long,62,900
2021-11-01T14:00:40.8899000Z,FLD,0,Set,,,,,,,,TradingCondition,string,0,900
2021-11-01T14:00:40.8899000Z,FLD,0,Set,,,,,,,,TradeId,string,1400408808134395954,900
2021-11-01T14:00:40.8899000Z,FLD,0,Set,,,,,,,,TradePrice,double,59.53,901
2021-11-01T14:00:40.8899000Z,FLD,0,Set,,,,,,,,TradeSize,long,20,901
2021-11-01T14:00:40.8899000Z,FLD,0,Set,,,,,,,,TradingCondition,string,0,901
2021-11-01T14:00:40.8899000Z,FLD,0,Set,,,,,,,,TradeId,string,1400408820349095953,901
2021-11-01T14:00:40.8899000Z,FLD,0,Set,,,,,,,,TradePrice,double,59.53,902
2021-11-01T14:00:40.8899000Z,FLD,0,Set,,,,,,,,TradeSize,long,116,902
2021-11-01T14:00:40.8899000Z,FLD,0,Set,,,,,,,,TradingCondition,string,0,902
2021-11-01T14:00:40.8899000Z,FLD,0,Set,,,,,,,,TradeId,string,1400408820349095953,902
2021-11-01T14:00:40.8899000Z,FLD,0,Set,,,,,,,,TradePrice,double,59.53,903
2021-11-01T14:00:40.8899000Z,FLD,0,Set,,,,,,,,TradeSize,long,100,903
2021-11-01T14:00:40.8899000Z,FLD,0,Set,,,,,,,,TradingCondition,string,0,903
2021-11-01T14:00:40.8899000Z,FLD,0,Set,,,,,,,,TradeId,string,1400408820349095953,903
2021-11-01T14:00:40.8899000Z,FLD,0,Set,,,,,,,,TradePrice,double,59.53,904
2021-11-01T14:00:40.8899000Z,FLD,0,Set,,,,,,,,TradeSize,long,34,904
2021-11-01T14:00:40.8899000Z,FLD,0,Set,,,,,,,,TradingCondition,string,0,904
2021-11-01T14:00:40.8899000Z,FLD,0,Set,,,,,,,,TradeId,string,1400408820349095953,904
2021-11-01T14:00:40.8899000Z,FLD,0,Set,,,,,,,,TradePrice,double,59.53,905
2021-11-01T14:00:40.8899000Z,FLD,0,Set,,,,,,,,TradeSize,long,35,905
2021-11-01T14:00:40.8899000Z,FLD,0,Set,,,,,,,,TradingCondition,string,0,905
2021-11-01T14:00:40.8899000Z,FLD,0,Set,,,,,,,,TradeId,string,1400408820349095953,905
2021-11-01T14:00:40.8919000Z,FLD,0,Set,,,,,,,,TradePrice,double,59.53,906
2021-11-01T14:00:40.8919000Z,FLD,0,Set,,,,,,,,TradeSize,long,140,906
2021-11-01T14:00:40.8919000Z,FLD,0,Set,,,,,,,,TradingCondition,string,0,906
2021-11-01T14:00:40.8919000Z,FLD,0,Set,,,,,,,,TradeId,string,1400408834041155953,906
2021-11-01T14:00:40.8919000Z,MBO,1,Set,Ask,59.56,195,,1635775240880765526,0,,,,,907
2021-11-01T14:00:40.8919000Z,MBO,1,Clear,Bid,,,,1635775240692672164,,,,,,908
2021-11-01T14:00:40.8919000Z,MBO,1,Set,Bid,59.53,20,,1635774679157449553,0,,,,,909
2021-11-01T14:00:40.8919000Z,MBO,1,Clear,Bid,,,,1635775231191479824,,,,,,910
2021-11-01T14:00:40.8919000Z,MBO,1,Clear,Bid,,,,1635775240308536727,,,,,,911
2021-11-01T14:00:40.8919000Z,MBO,1,Clear,Ask,,,,1635775149075643193,,,,,,912
2021-11-01T14:00:40.8919000Z,MBO,1,Set,Ask,59.56,24,,1635775240881100403,0,,,,,913
2021-11-01T14:00:40.8919000Z,MBO,1,Set,Bid,59.42,104,,1635775240881379578,0,,,,,914
2021-11-01T14:00:40.8919000Z,MBO,1,Set,Bid,59.41,104,,1635775240881462186,0,,,,,915
2021-11-01T14:00:40.8919000Z,MBO,1,Clear,Ask,,,,1635775232613354042,,,,,,916
2021-11-01T14:00:40.8919000Z,MBO,1,Clear,Bid,,,,1635775231275273716,,,,,,917
2021-11-01T14:00:40.8919000Z,MBO,1,Set,Bid,59.52,116,,1635775240881586923,0,,,,,918
2021-11-01T14:00:40.8919000Z,MBO,1,Clear,Ask,,,,1635775238874101727,,,,,,919
2021-11-01T14:00:40.8919000Z,MBO,1,Set,Bid,59.53,35,,1635775240881620406,0,,,,,920
2021-11-01T14:00:40.8919000Z,MBO,1,Set,Ask,59.86,167,,1635775240881657374,0,,,,,921
2021-11-01T14:00:40.8919000Z,MBO,1,Clear,Bid,,,,1635775236408983371,,,,,,922
2021-11-01T14:00:40.8919000Z,MBO,1,Set,Ask,59.59,90,,1635775240881726884,0,,,,,923
2021-11-01T14:00:40.8919000Z,MBO,1,Clear,Ask,,,,1635774846153406250,,,,,,924
2021-11-01T14:00:40.8919000Z,MBO,1,Set,Ask,59.55,195,,1635775240881950797,0,,,,,925
2021-11-01T14:00:40.8919000Z,MBO,1,Set,Ask,59.54,125,,1635775240881997581,0,,,,,926
2021-11-01T14:00:40.8919000Z,MBO,1,Clear,Ask,,,,1635774817485418479,,,,,,927
2021-11-01T14:00:40.8919000Z,MBO,1,Clear,Bid,,,,1635774716889772813,,,,,,928
2021-11-01T14:00:40.8919000Z,MBO,1,Clear,Bid,,,,1635774679157449553,,,,,,929
2021-11-01T14:00:40.8919000Z,MBO,1,Set,Bid,59.53,116,,1635775238871687269,0,,,,,930
2021-11-01T14:00:40.8919000Z,MBO,1,Clear,Bid,,,,1635775238871687269,,,,,,931
2021-11-01T14:00:40.8919000Z,MBO,1,Set,Bid,59.53,100,,1635775238873136415,0,,,,,932
2021-11-01T14:00:40.8919000Z,MBO,1,Clear,Bid,,,,1635775238873136415,,,,,,933
2021-11-01T14:00:40.8919000Z,MBO,1,Set,Bid,59.53,34,,1635775238875072951,0,,,,,934
2021-11-01T14:00:40.8919000Z,MBO,1,Clear,Bid,,,,1635775238875072951,,,,,,935
2021-11-01T14:00:40.8919000Z,MBO,1,Set,Bid,59.53,35,,1635775240881620406,0,,,,,936
2021-11-01T14:00:40.8919000Z,MBO,1,Clear,Bid,,,,1635775240881620406,,,,,,937
2021-11-01T14:00:40.8919000Z,MBO,1,Set,Bid,59.52,51,,1635774827406239100,0,,,,,938
2021-11-01T14:00:40.8919000Z,MBO,1,Set,Ask,59.55,116,,1635775240882091832,0,,,,,939
2021-11-01T14:00:40.8919000Z,MBO,1,Clear,Ask,,,,1635775239872263440,,,,,,940
2021-11-01T14:00:40.8919000Z,MBO,1,Set,Ask,59.54,98,,1635775240882110477,0,,,,,941
2021-11-01T14:00:40.8919000Z,MBO,1,Clear,Bid,,,,1635775195568883816,,,,,,942
2021-11-01T14:00:40.8919000Z,MBO,1,Clear,Bid,,,,1635774670899064455,,,,,,943
2021-11-01T14:00:40.8919000Z,MBO,1,Set,Ask,59.57,84,,1635775240882152730,0,,,,,944
2021-11-01T14:00:40.8919000Z,MBO,1,Clear,Bid,,,,1635775240881379578,,,,,,945
2021-11-01T14:00:40.8919000Z,MBO,1,Clear,Bid,,,,1635775148326618742,,,,,,946
2021-11-01T14:00:40.8919000Z,MBO,1,Clear,Bid,,,,1635775238900707632,,,,,,947
2021-11-01T14:00:40.8919000Z,MBO,1,Clear,Bid,,,,1635775238903132177,,,,,,948
2021-11-01T14:00:40.8919000Z,MBO,1,Clear,Bid,,,,1635775238922271812,,,,,,949
2021-11-01T14:00:40.8919000Z,MBO,1,Set,Bid,59.52,61,,1635775240882239320,0,,,,,950
2021-11-01T14:00:40.8919000Z,MBO,1,Set,Bid,59.48,440,,1635775240882289186,0,,,,,951
2021-11-01T14:00:40.8919000Z,MBO,1,Clear,Bid,,,,1635775240882239320,,,,,,952
2021-11-01T14:00:40.8919000Z,MBO,1,Clear,Bid,,,,1635775148372135240,,,,,,953
2021-11-01T14:00:40.8919000Z,MBO,1,Set,Ask,59.53,140,,1635775240882415568,0,,,,,954
2021-11-01T14:00:40.8919000Z,MBO,1,Clear,Bid,,,,1635775217647666925,,,,,,955
2021-11-01T14:00:40.8919000Z,MBO,1,Clear,Bid,,,,1635775231186495915,,,,,,956
2021-11-01T14:00:40.8919000Z,MBO,1,Clear,Bid,,,,1635775233248061231,,,,,,957
2021-11-01T14:00:40.8919000Z,MBO,1,Set,Ask,59.54,94,,1635775240882496802,0,,,,,958
2021-11-01T14:00:40.8919000Z,MBO,1,Clear,Ask,,,,1635775234001020905,,,,,,959
2021-11-01T14:00:40.8919000Z,MBO,1,Set,Ask,59.67,104,,1635775240882548596,0,,,,,960
2021-11-01T14:00:40.8919000Z,MBO,1,Set,Ask,59.66,104,,1635775240882568253,0,,,,,961
2021-11-01T14:00:40.8919000Z,MBO,1,Clear,Bid,,,,1635775238872570436,,,,,,962
2021-11-01T14:00:40.8919000Z,MBO,1,Set,Ask,59.54,195,,1635775240882596918,0,,,,,963
2021-11-01T14:00:40.8919000Z,MBO,1,Clear,Bid,,,,1635775240881462186,,,,,,964
2021-11-01T14:00:40.8919000Z,MBO,1,Set,Bid,59.21,167,,1635775240882695305,0,,,,,965
2021-11-01T14:00:40.8919000Z,MBO,1,Clear,Ask,,,,1635775240882548596,,,,,,966
2021-11-01T14:00:40.8919000Z,MBO,1,Clear,Ask,,,,1635775240882415568,,,,,,967
2021-11-01T14:00:40.8919000Z,MBO,1,Set,Ask,59.54,125,,1635775240881997581,0,,,,,968
2021-11-01T14:00:40.8919000Z,MBO,1,Set,Bid,59.53,140,,1635775240883359078,0,,,,,969
2021-11-01T14:00:40.8919000Z,MBO,1,Clear,Bid,,,,1635775240883359078,,,,,,970
2021-11-01T14:00:40.8919000Z,MBO,1,Set,Bid,59.52,51,,1635774827406239100,0,,,,,971
2021-11-01T14:00:40.8919000Z,MBO,1,Clear,Ask,,,,1635775200761942770,,,,,,972
2021-11-01T14:00:40.8919000Z,MBO,1,Clear,Ask,,,,1635775240882596918,,,,,,973
2021-11-01T14:00:40.8919000Z,MBO,1,Clear,Ask,,,,1635775240882496802,,,,,,974
2021-11-01T14:00:40.8919000Z,MBO,1,Clear,Ask,,,,1635775238873848180,,,,,,975
2021-11-01T14:00:40.8919000Z,MBO,1,Set,Ask,60.73,177,,1635775240884148229,0,,,,,976
2021-11-01T14:00:40.8919000Z,MBO,1,Set,Ask,59.53,140,,1635775240884458339,0,,,,,977
2021-11-01T14:00:40.8919000Z,MBO,1,Set,Ask,59.54,116,,1635775240884499660,0,,,,,978
2021-11-01T14:00:40.9130000Z,MBO,1,Set,Ask,59.54,195,,1635775240886028590,0,,,,,979
2021-11-01T14:00:40.9130000Z,MBO,1,Clear,Bid,,,,1635775233626620368,,,,,,980
2021-11-01T14:00:40.9130000Z,MBO,1,Clear,Ask,,,,1635775238873517393,,,,,,981
2021-11-01T14:00:40.9130000Z,MBO,1,Set,Ask,60.72,177,,1635775240886335711,0,,,,,982
2021-11-01T14:00:40.9130000Z,MBO,1,Set,Ask,59.55,298,,1635775240887051405,0,,,,,983
2021-11-01T14:00:40.9130000Z,MBO,1,Set,Bid,59.5,138,,1635775240892772258,0,,,,,984
2021-11-01T14:00:40.9130000Z,MBO,1,Clear,Ask,,,,1635775232590250225,,,,,,985
2021-11-01T14:00:40.9130000Z,MBO,1,Clear,Ask,,,,1635775233150269334,,,,,,986
2021-11-01T14:00:40.9130000Z,MBO,1,Clear,Bid,,,,1635775234266105959,,,,,,987
2021-11-01T14:00:40.9130000Z,MBO,1,Set,Bid,59.36,120,,1635775240897478867,0,,,,,988
2021-11-01T14:00:40.9130000Z,MBO,1,Clear,Ask,,,,1635775238882987046,,,,,,989
2021-11-01T14:00:40.9130000Z,MBO,1,Set,Ask,59.69,120,,1635775240897492694,0,,,,,990
2021-11-01T14:00:40.9130000Z,MBO,1,Clear,Bid,,,,1635775234387088578,,,,,,991
2021-11-01T14:00:40.9130000Z,MBO,1,Set,Bid,59.36,269,,1635775240899773359,0,,,,,992
2021-11-01T14:00:40.9130000Z,MBO,1,Clear,Ask,,,,1635775238885010835,,,,,,993
2021-11-01T14:00:40.9130000Z,MBO,1,Set,Ask,59.69,269,,1635775240899781599,0,,,,,994
2021-11-01T14:00:40.9130000Z,MBO,1,Clear,Ask,,,,1635775238885455401,,,,,,995
2021-11-01T14:00:40.9130000Z,MBO,1,Set,Ask,60.44,269,,1635775240900254079,0,,,,,996
2021-11-01T14:00:40.9130000Z,MBO,1,Clear,Ask,,,,1635775238885870333,,,,,,997
2021-11-01T14:00:40.9130000Z,MBO,1,Set,Ask,61.92,269,,1635775240900718899,0,,,,,998
2021-11-01T14:00:40.9130000Z,MBO,1,Set,Bid,59.43,85,,1635775240902013864,0,,,,,999
2021-11-01T14:00:40.9130000Z,MBO,1,Clear,Bid,,,,1635775233670097307,,,,,,1000
2021-11-01T14:00:40.9240000Z,MBO,1,Set,Bid,59.5,136,,1635775240913369190,0,,,,,1001
2021-11-01T14:00:40.9589000Z,MBO,1,Clear,Ask,,,,1635775240884458339,,,,,,1002
2021-11-01T14:00:40.9589000Z,MBO,1,Set,Ask,59.54,125,,1635775240881997581,0,,,,,1003
2021-11-01T14:00:40.9589000Z,MBO,1,Clear,Ask,,,,1635775240886028590,,,,,,1004
2021-11-01T14:00:40.9589000Z,MBO,1,Set,Bid,59.49,84,,1635775240931712755,0,,,,,1005
2021-11-01T14:00:40.9589000Z,MBO,1,Set,Bid,59.52,61,,1635775240932435514,0,,,,,1006
2021-11-01T14:00:40.9589000Z,MBO,1,Clear,Ask,,,,1635775233721004402,,,,,,1007
2021-11-01T14:00:40.9589000Z,MBO,1,Set,Bid,59.43,121,,1635775240936825386,0,,,,,1008
2021-11-01T14:00:40.9589000Z,MBO,1,Set,Ask,59.59,172,,1635775240943255377,0,,,,,1009
2021-11-01T14:00:40.9589000Z,MBO,1,Clear,Ask,,,,1635775240881997581,,,,,,1010
2021-11-01T14:00:40.9589000Z,MBO,1,Set,Ask,59.54,98,,1635775240882110477,0,,,,,1011
2021-11-01T14:00:40.9589000Z,MBO,1,Clear,Ask,,,,1635775240882110477,,,,,,1012
2021-11-01T14:00:40.9589000Z,MBO,1,Set,Ask,59.54,116,,1635775240884499660,0,,,,,1013
2021-11-01T14:00:40.9589000Z,MBO,1,Clear,Ask,,,,1635775240884499660,,,,,,1014
2021-11-01T14:00:40.9589000Z,MBO,1,Set,Ask,59.55,195,,1635775240881950797,0,,,,,1015
2021-11-01T14:00:40.9589000Z,MBO,1,Set,Bid,59.52,195,,1635775240943926515,0,,,,,1016
2021-11-01T14:00:40.9589000Z,MBO,1,Set,Ask,59.54,125,,1635775240943936547,0,,,,,1017
2021-11-01T14:00:40.9589000Z,MBO,1,Clear,Ask,,,,1635775128926234888,,,,,,1018
2021-11-01T14:00:40.9589000Z,MBO,1,Set,Ask,59.55,19,,1635775240943960159,0,,,,,1019
2021-11-01T14:00:40.9589000Z,MBO,1,Set,Bid,59.53,39,,1635775240943970363,0,,,,,1020
2021-11-01T14:00:40.9589000Z,MBO,1,Set,Bid,59.53,130,,1635775240943976015,0,,,,,1021
2021-11-01T14:00:40.9589000Z,MBO,1,Clear,Bid,,,,1635775240943970363,,,,,,1022
2021-11-01T14:00:40.9589000Z,MBO,1,Set,Bid,59.53,130,,1635775240943976015,0,,,,,1023
2021-11-01T14:00:40.9589000Z,MBO,1,Clear,Ask,,,,1635775240882152730,,,,,,1024
2021-11-01T14:00:40.9589000Z,MBO,1,Clear,Bid,,,,1635775240943976015,,,,,,1025
2021-11-01T14:00:40.9589000Z,MBO,1,Set,Bid,59.52,51,,1635774827406239100,0,,,,,1026
2021-11-01T14:00:40.9589000Z,MBO,1,Clear,Ask,,,,1635775240882568253,,,,,,1027
2021-11-01T14:00:40.9589000Z,MBO,1,Clear,Ask,,,,1635775240943936547,,,,,,1028
2021-11-01T14:00:40.9589000Z,MBO,1,Set,Ask,59.55,195,,1635775240881950797,0,,,,,1029
2021-11-01T14:00:40.9589000Z,MBO,1,Set,Ask,59.54,125,,1635775240944826817,0,,,,,1030
2021-11-01T14:00:40.9589000Z,MBO,1,Clear,Ask,,,,1635775133662897462,,,,,,1031
2021-11-01T14:00:40.9589000Z,MBO,1,Set,Bid,59.52,100,,1635775240944843941,0,,,,,1032
2021-11-01T14:00:40.9589000Z,MBO,1,Set,Ask,59.55,681,,1635775240946983874,0,,,,,1033
2021-11-01T14:00:40.9589000Z,FLD,0,Set,,,,,,,,TradePrice,double,59.53,1034
2021-11-01T14:00:40.9589000Z,FLD,0,Set,,,,,,,,TradeSize,long,140,1034
2021-11-01T14:00:40.9589000Z,FLD,0,Set,,,,,,,,TradingCondition,string,0,1034
2021-11-01T14:00:40.9589000Z,FLD,0,Set,,,,,,,,TradeId,string,1400409315976565953,1034
2021-11-01T14:00:40.9589000Z,FLD,0,Set,,,,,,,,TradePrice,double,59.54,1035
2021-11-01T14:00:40.9589000Z,FLD,0,Set,,,,,,,,TradeSize,long,125,1035
2021-11-01T14:00:40.9589000Z,FLD,0,Set,,,,,,,,TradingCondition,string,0,1035
2021-11-01T14:00:40.9589000Z,FLD,0,Set,,,,,,,,TradeId,string,1400409438352595954,1035
2021-11-01T14:00:40.9589000Z,FLD,0,Set,,,,,,,,TradePrice,double,59.54,1036
2021-11-01T14:00:40.9589000Z,FLD,0,Set,,,,,,,,TradeSize,long,98,1036
2021-11-01T14:00:40.9589000Z,FLD,0,Set,,,,,,,,TradingCondition,string,0,1036
2021-11-01T14:00:40.9589000Z,FLD,0,Set,,,,,,,,TradeId,string,1400409438352595954,1036
2021-11-01T14:00:40.9589000Z,FLD,0,Set,,,,,,,,TradePrice,double,59.54,1037
2021-11-01T14:00:40.9589000Z,FLD,0,Set,,,,,,,,TradeSize,long,116,1037
2021-11-01T14:00:40.9589000Z,FLD,0,Set,,,,,,,,TradingCondition,string,0,1037
2021-11-01T14:00:40.9589000Z,FLD,0,Set,,,,,,,,TradeId,string,1400409438352595954,1037
2021-11-01T14:00:40.9589000Z,FLD,0,Set,,,,,,,,TradePrice,double,59.54,1038
2021-11-01T14:00:40.9589000Z,FLD,0,Set,,,,,,,,TradeSize,long,125,1038
2021-11-01T14:00:40.9589000Z,FLD,0,Set,,,,,,,,TradingCondition,string,0,1038
2021-11-01T14:00:40.9589000Z,FLD,0,Set,,,,,,,,TradeId,string,1400409447649995954,1038
2021-11-01T14:00:41.0025000Z,MBO,1,Clear,Ask,,,,1635774674154106540,,,,,,1039
2021-11-01T14:00:41.0025000Z,MBO,1,Set,Bid,59.34,101,,1635775240951596556,0,,,,,1040
2021-11-01T14:00:41.0025000Z,MBO,1,Set,Ask,59.57,101,,1635775240951608695,0,,,,,1041
2021-11-01T14:00:41.0025000Z,MBO,1,Clear,Bid,,,,1635775240943926515,,,,,,1042
2021-11-01T14:00:41.0025000Z,MBO,1,Set,Ask,59.53,100,,1635775240968396028,0,,,,,1043
2021-11-01T14:00:41.0025000Z,MBO,1,Set,Ask,59.54,195,,1635775240968444143,0,,,,,1044
2021-11-01T14:00:41.0025000Z,MBO,1,Clear,Bid,,,,1635775240932435514,,,,,,1045
2021-11-01T14:00:41.0025000Z,MBO,1,Clear,Ask,,,,1635775240943960159,,,,,,1046
2021-11-01T14:00:41.0025000Z,MBO,1,Set,Ask,59.57,84,,1635775240968483846,0,,,,,1047
2021-11-01T14:00:41.0025000Z,MBO,1,Set,Bid,59.51,109,,1635775240968491453,0,,,,,1048
2021-11-01T14:00:41.0025000Z,MBO,1,Clear,Bid,,,,1635775240944843941,,,,,,1049
2021-11-01T14:00:41.0025000Z,MBO,1,Set,Ask,59.54,110,,1635775240968507109,0,,,,,1050
2021-11-01T14:00:41.0025000Z,MBO,1,Set,Bid,59.5,229,,1635775240969395089,0,,,,,1051
2021-11-01T14:00:41.0059000Z,MBO,1,Clear,Ask,,,,1635775240968396028,,,,,,1052
2021-11-01T14:00:41.0059000Z,MBO,1,Set,Ask,59.54,125,,1635775240944826817,0,,,,,1053
2021-11-01T14:00:41.0059000Z,MBO,1,Clear,Ask,,,,1635775240944826817,,,,,,1054
2021-11-01T14:00:41.0059000Z,MBO,1,Set,Ask,59.54,195,,1635775240968444143,0,,,,,1055
2021-11-01T14:00:41.0059000Z,MBO,1,Set,Ask,59.54,52,,1635775240968444143,0,,,,,1056
2021-11-01T14:00:41.0059000Z,MBO,1,Clear,Ask,,,,1635775240968507109,,,,,,1057
2021-11-01T14:00:41.0059000Z,MBO,1,Set,Bid,59.52,61,,1635775240986167097,0,,,,,1058
2021-11-01T14:00:41.0059000Z,MBO,1,Set,Bid,59.52,195,,1635775240986174323,0,,,,,1059
2021-11-01T14:00:41.0059000Z,MBO,1,Clear,Ask,,,,1635775240968444143,,,,,,1060
2021-11-01T14:00:41.0059000Z,MBO,1,Set,Ask,59.55,195,,1635775240881950797,0,,,,,1061
2021-11-01T14:00:41.0059000Z,MBO,1,Clear,Ask,,,,1635775240968483846,,,,,,1062
2021-11-01T14:00:41.0059000Z,MBO,1,Set,Ask,59.58,90,,1635775240986201190,0,,,,,1063
2021-11-01T14:00:41.0059000Z,MBO,1,Clear,Ask,,,,1635775133665652438,,,,,,1064
2021-11-01T14:00:41.0059000Z,MBO,1,Set,Ask,59.54,125,,1635775240986229091,0,,,,,1065
2021-11-01T14:00:41.0059000Z,MBO,1,Clear,Ask,,,,1635775133669755759,,,,,,1066
2021-11-01T14:00:41.0059000Z,FLD,0,Set,,,,,,,,TradePrice,double,59.53,1067
2021-11-01T14:00:41.0059000Z,FLD,0,Set,,,,,,,,TradeSize,long,100,1067
2021-11-01T14:00:41.0059000Z,FLD,0,Set,,,,,,,,TradingCondition,string,0,1067
2021-11-01T14:00:41.0059000Z,FLD,0,Set,,,,,,,,TradeId,string,1400409860721635953,1067
2021-11-01T14:00:41.0059000Z,FLD,0,Set,,,,,,,,TradePrice,double,59.54,1068
2021-11-01T14:00:41.0059000Z,FLD,0,Set,,,,,,,,TradeSize,long,125,1068
2021-11-01T14:00:41.0059000Z,FLD,0,Set,,,,,,,,TradingCondition,string,0,1068
2021-11-01T14:00:41.0059000Z,FLD,0,Set,,,,,,,,TradeId,string,1400409860721635954,1068
2021-11-01T14:00:41.0059000Z,FLD,0,Set,,,,,,,,TradePrice,double,59.54,1069
2021-11-01T14:00:41.0059000Z,FLD,0,Set,,,,,,,,TradeSize,long,143,1069
2021-11-01T14:00:41.0059000Z,FLD,0,Set,,,,,,,,TradingCondition,string,0,1069
2021-11-01T14:00:41.0059000Z,FLD,0,Set,,,,,,,,TradeId,string,1400409860721635954,1069
2021-11-01T14:00:41.0416000Z,MBO,1,Set,Ask,59.54,19,,1635775240995145305,0,,,,,1070
2021-11-01T14:00:41.0416000Z,MBO,1,Set,Bid,59.34,400,,1635775241021938911,0,,,,,1071
2021-11-01T14:00:41.0416000Z,MBO,1,Set,Bid,59.52,35,,1635775241023909314,0,,,,,1072
2021-11-01T14:00:41.0416000Z,MBO,1,Clear,Bid,,,,1635775240986174323,,,,,,1073
2021-11-01T14:00:41.0838000Z,MBO,1,Set,Ask,59.58,101,,1635775241056590836,0,,,,,1074
2021-11-01T14:00:41.1679000Z,MBO,1,Set,Bid,59.26,178,,1635775241132424916,0,,,,,1075
2021-11-01T14:00:41.1679000Z,MBO,1,Clear,Ask,,,,1635775239123879430,,,,,,1076
2021-11-01T14:00:41.1679000Z,MBO,1,Set,Ask,59.79,176,,1635775241132446426,0,,,,,1077
2021-11-01T14:00:41.1679000Z,MBO,1,Set,Ask,59.64,400,,1635775241135275903,0,,,,,1078
2021-11-01T14:00:41.2718000Z,MBO,1,Clear,Bid,,,,1635775241132424916,,,,,,1079
2021-11-01T14:00:41.2718000Z,MBO,1,Set,Bid,59.27,178,,1635775241236546390,0,,,,,1080
2021-11-01T14:00:41.3661000Z,MBO,1,Set,Ask,59.57,84,,1635775241345683610,0,,,,,1081
2021-11-01T14:00:41.3661000Z,MBO,1,Set,Ask,59.54,51,,1635775241353716181,0,,,,,1082
2021-11-01T14:00:41.4716000Z,MBO,1,Set,Ask,59.54,59,,1635775241442206473,0,,,,,1083
2021-11-01T14:00:41.5154000Z,MBO,1,Clear,Ask,,,,1635775216846755023,,,,,,1084
2021-11-01T14:00:41.6539000Z,MBO,1,Set,Ask,59.67,2047,,1635775241642341336,0,,,,,1085
2021-11-01T14:00:41.6956000Z,MBO,1,Set,Bid,59.53,386,,1635775241686836337,0,,,,,1086
2021-11-01T14:00:41.6956000Z,MBO,1,Clear,Ask,,,,1635775241353716181,,,,,,1087
2021-11-01T14:00:41.6956000Z,MBO,1,Clear,Bid,,,,1635775241023909314,,,,,,1088
2021-11-01T14:00:41.6956000Z,MBO,1,Set,Bid,59.52,195,,1635775241686900836,0,,,,,1089
2021-11-01T14:00:41.6956000Z,MBO,1,Clear,Bid,,,,1635775241686836337,,,,,,1090
2021-11-01T14:00:41.6956000Z,MBO,1,Set,Bid,59.52,51,,1635774827406239100,0,,,,,1091
2021-11-01T14:00:41.6956000Z,MBO,1,Set,Ask,59.54,104,,1635775241687068014,0,,,,,1092
2021-11-01T14:00:41.6956000Z,MBO,1,Set,Ask,59.54,60,,1635775241687133536,0,,,,,1093
2021-11-01T14:00:41.6956000Z,MBO,1,Clear,Ask,,,,1635775241687133536,,,,,,1094
2021-11-01T14:00:41.6956000Z,MBO,1,Clear,Bid,,,,1635775241686900836,,,,,,1095
2021-11-01T14:00:41.6956000Z,FLD,0,Set,,,,,,,,TradePrice,double,59.53,1096
2021-11-01T14:00:41.6956000Z,FLD,0,Set,,,,,,,,TradeSize,long,386,1096
2021-11-01T14:00:41.6956000Z,FLD,0,Set,,,,,,,,TradingCondition,string,0,1096
2021-11-01T14:00:41.6956000Z,FLD,0,Set,,,,,,,,TradeId,string,1400416869990755953,1096
2021-11-01T14:00:41.8231000Z,MBO,1,Set,Bid,59.52,35,,1635775241787872642,0,,,,,1097
2021-11-01T14:00:41.8614000Z,FLD,0,Set,,,,,,,,TradePrice,double,59.52,1098
2021-11-01T14:00:41.8614000Z,FLD,0,Set,,,,,,,,TradeSize,long,120,1098
2021-11-01T14:00:41.8614000Z,FLD,0,Set,,,,,,,,TradingCondition,string,10,1098
2021-11-01T14:00:41.8614000Z,FLD,0,Set,,,,,,,,TradeId,string,1400418574456545952,1098
2021-11-01T14:00:41.9270000Z,MBO,1,Set,Ask,59.56,299,,1635775241882665274,0,,,,,1099
2021-11-01T14:00:41.9270000Z,MBO,1,Clear,Ask,,,,1635775239983317521,,,,,,1100
2021-11-01T14:00:41.9270000Z,MBO,1,Set,Bid,59.45,1164,,1635775241905458646,0,,,,,1101
2021-11-01T14:00:41.9270000Z,MBO,1,Set,Bid,59.47,224,,1635775241905524391,0,,,,,1102
2021-11-01T14:00:41.9623000Z,MBO,1,Clear,Ask,,,,1635775239958459357,,,,,,1103
2021-11-01T14:00:41.9623000Z,MBO,1,Clear,Ask,,,,1635775239880492244,,,,,,1104
2021-11-01T14:00:41.9623000Z,MBO,1,Set,Bid,59.52,59,,1635775241921407345,0,,,,,1105
2021-11-01T14:00:41.9623000Z,MBO,1,Clear,Bid,,,,1635775241921407345,,,,,,1106
2021-11-01T14:00:41.9623000Z,MBO,1,Set,Bid,59.51,54,,1635775241940081144,0,,,,,1107
2021-11-01T14:00:41.9623000Z,MBO,1,Clear,Ask,,,,1635775241687068014,,,,,,1108
2021-11-01T14:00:41.9623000Z,MBO,1,Set,Ask,59.61,1157,,1635775241942735717,0,,,,,1109
2021-11-01T14:00:41.9623000Z,MBO,1,Clear,Ask,,,,1635775147899217490,,,,,,1110
2021-11-01T14:00:42.0048000Z,MBO,1,Set,Ask,59.56,148,,1635775241953848045,0,,,,,1111
2021-11-01T14:00:42.0048000Z,MBO,1,Set,Ask,59.56,156,,1635775241968744789,0,,,,,1112
2021-11-01T14:00:42.0084000Z,MBO,1,Clear,Ask,,,,1635775240040011227,,,,,,1113
2021-11-01T14:00:42.0229000Z,MBO,1,Set,Ask,59.63,103,,1635775242008695754,0,,,,,1114
2021-11-01T14:00:42.1246000Z,MBO,1,Set,Ask,59.56,246,,1635775242107035861,0,,,,,1115
2021-11-01T14:00:42.3455000Z,MBO,1,Set,Ask,59.54,110,,1635775242333310704,0,,,,,1116
2021-11-01T14:00:42.3455000Z,MBO,1,Clear,Bid,,,,1635775241787872642,,,,,,1117
2021-11-01T14:00:42.3455000Z,MBO,1,Set,Ask,59.54,58,,1635775242333367999,0,,,,,1118
2021-11-01T14:00:42.3455000Z,MBO,1,Clear,Bid,,,,1635775240986167097,,,,,,1119
2021-11-01T14:00:42.3455000Z,MBO,1,Clear,Bid,,,,1635775241940081144,,,,,,1120
2021-11-01T14:00:42.3455000Z,MBO,1,Set,Bid,58.32,54,,1635775242340592073,0,,,,,1121
2021-11-01T14:00:42.3553000Z,MBO,1,Set,Ask,59.54,501,,1635775242342004226,0,,,,,1122
2021-11-01T14:00:42.3553000Z,MBO,1,Clear,Bid,,,,1635775240881586923,,,,,,1123
